<record><header><identifier>oai:alma.41SLSP_UGE:991000795429705502</identifier><datestamp>2023-03-28T00:11:59Z</datestamp><setSpec>uge_bcen_RapidILL_BOOK</setSpec><setSpec>uge_aaca_RapidILL_BOOK</setSpec><setSpec>uge_abels_RapidILL_BOOK</setSpec><setSpec>uge_dbu_RapidILL_BOOK</setSpec><setSpec>uge_cmu_RapidILL_BOOK</setSpec><setSpec>uge_mail_RapidILL_BOOK</setSpec><setSpec>uge_abbat_RapidILL_BOOK</setSpec><setSpec>UNIGE_ALL</setSpec><setSpec>uge_aobs_RapidILL_BOOK</setSpec><setSpec>uge_acar_RapidILL_BOOK</setSpec></header><metadata>
<record xmlns="http://www.loc.gov/MARC21/slim" xmlns:xsi="http://www.w3.org/2001/XMLSchema-instance" xsi:schemaLocation="http://www.loc.gov/MARC21/slim http://www.loc.gov/standards/marcxml/schema/MARC21slim.xsd"><leader>02160nam a2200565 c 4500</leader><controlfield tag="001">991000795429705502</controlfield><controlfield tag="005">20230327182045.0</controlfield><controlfield tag="008">201011s2000    fr ||||| |||| 00| ||fre d</controlfield><datafield ind1=" " ind2=" " tag="010"><subfield code="a">00359074</subfield></datafield><datafield ind1=" " ind2=" " tag="020"><subfield code="a">9782130504610</subfield></datafield><datafield ind1=" " ind2=" " tag="020"><subfield code="a">2130504612</subfield></datafield><datafield ind1="7" ind2=" " tag="024"><subfield code="a">http://catalogue.bnf.fr/ark:/12148/cb371838123</subfield><subfield code="2">uri</subfield></datafield><datafield ind1=" " ind2=" " tag="035"><subfield code="a">(swissbib)228004624-41slsp_network</subfield></datafield><datafield ind1=" " ind2=" " tag="035"><subfield code="a">228004624</subfield><subfield code="9">ExL</subfield></datafield><datafield ind1=" " ind2=" " tag="035"><subfield code="a">(RERO)R266590360-41slsp</subfield></datafield><datafield ind1=" " ind2=" " tag="035"><subfield code="a">(NEBIS)006555156EBI01</subfield></datafield><datafield ind1=" " ind2=" " tag="035"><subfield code="a">(SBT)000145694SBT01</subfield></datafield><datafield ind1=" " ind2=" " tag="035"><subfield code="a">(OCoLC)44777478</subfield><subfield code="z">(OCoLC)43653582</subfield></datafield><datafield ind1=" " ind2=" " tag="035"><subfield code="a">(EXLNZ-41SLSP_NETWORK)991071594589705501</subfield></datafield><datafield ind1=" " ind2=" " tag="040"><subfield code="a">RERO neuses</subfield><subfield code="d">CH-ZuSLS</subfield></datafield><datafield ind1=" " ind2=" " tag="050"><subfield code="a">HF1025</subfield><subfield code="b">.R49 2000</subfield></datafield><datafield ind1=" " ind2="7" tag="072"><subfield code="a">se</subfield><subfield code="2">rero</subfield></datafield><datafield ind1=" " ind2="7" tag="072"><subfield code="a">go</subfield><subfield code="2">rero</subfield></datafield><datafield ind1="1" ind2="4" tag="082"><subfield code="a">330.9</subfield><subfield code="b">RIC</subfield></datafield><datafield ind1="0" ind2="0" tag="245"><subfield code="a">&lt;&lt;La&gt;&gt; richesse des régions</subfield><subfield code="b">la nouvelle géographie socio-économique</subfield><subfield code="c">publ. sous la dir. de Georges Benko et Alain Lipietz ; avec la collab. de Christina Cacérès-Dutertre ... [et al.]</subfield></datafield><datafield ind1=" " ind2="1" tag="264"><subfield code="a">Paris</subfield><subfield code="b">Presses universitaires de France</subfield><subfield code="c">2000</subfield></datafield><datafield ind1=" " ind2=" " tag="300"><subfield code="a">VII, 564 p.</subfield><subfield code="b">ill.</subfield><subfield code="c">22 cm</subfield></datafield><datafield ind1=" " ind2=" " tag="336"><subfield code="b">txt</subfield><subfield code="2">rdacontent</subfield></datafield><datafield ind1=" " ind2=" " tag="337"><subfield code="b">n</subfield><subfield code="2">rdamedia</subfield></datafield><datafield ind1=" " ind2=" " tag="338"><subfield code="b">nc</subfield><subfield code="2">rdacarrier</subfield></datafield><datafield ind1="1" ind2=" " tag="490"><subfield code="a">Economie en liberté</subfield></datafield><datafield ind1=" " ind2=" " tag="504"><subfield code="a">Avec bibliogr. (p. [505]-551) et index</subfield></datafield><datafield ind1=" " ind2="7" tag="650"><subfield code="a">Économie régionale</subfield><subfield code="0">(IDREF)027467341</subfield><subfield code="2">idref</subfield></datafield><datafield ind1=" " ind2="7" tag="650"><subfield code="a">Économie urbaine</subfield><subfield code="0">(IDREF)027467368</subfield><subfield code="2">idref</subfield></datafield><datafield ind1=" " ind2="7" tag="650"><subfield code="a">Géographie économique</subfield><subfield code="0">(IDREF)027534588</subfield><subfield code="2">idref</subfield></datafield><datafield ind1=" " ind2="0" tag="650"><subfield code="a">Economic geography</subfield></datafield><datafield ind1=" " ind2="0" tag="650"><subfield code="a">Regional economics</subfield></datafield><datafield ind1=" " ind2="7" tag="650"><subfield code="a">Economie régionale</subfield><subfield code="2">ram</subfield></datafield><datafield ind1=" " ind2="6" tag="650"><subfield code="a">Économie régionale</subfield></datafield><datafield ind1=" " ind2="6" tag="650"><subfield code="a">Géographie économique</subfield></datafield><datafield ind1=" " ind2="6" tag="650"><subfield code="a">Géographie sociale</subfield></datafield><datafield ind1=" " ind2="6" tag="650"><subfield code="a">Espace (Économie politique)</subfield></datafield><datafield ind1=" " ind2="6" tag="650"><subfield code="a">Industrie</subfield><subfield code="x">Localisation</subfield></datafield><datafield ind1=" " ind2="6" tag="650"><subfield code="a">Agglomérations urbaines</subfield></datafield><datafield ind1=" " ind2="7" tag="655"><subfield code="a">[Études diverses]</subfield><subfield code="0">(RERO)A022249905</subfield><subfield code="2">rero</subfield></datafield><datafield ind1=" " ind2=" " tag="691"><subfield code="e">330.9</subfield><subfield code="a">Situazioni e condizioni economiche</subfield><subfield code="2">usi-TE</subfield></datafield><datafield ind1="1" ind2=" " tag="700"><subfield code="a">Cacérès-Dutertre, Christina</subfield><subfield code="0">(RERO)A006072079</subfield></datafield><datafield ind1="1" ind2=" " tag="700"><subfield code="a">Benko, Georges B.</subfield><subfield code="d">20. Jht.</subfield><subfield code="0">(DE-588)1089162936</subfield><subfield code="6">880-03</subfield></datafield><datafield ind1="1" ind2=" " tag="880"><subfield code="6">700-03</subfield><subfield code="a">Benko, Georges</subfield><subfield code="d">1953-2009</subfield><subfield code="0">(IDREF)029305764</subfield></datafield><datafield ind1=" " ind2=" " tag="830"><subfield code="a">Economie en liberté</subfield><subfield code="w">(RERO)0037163-41slsp</subfield></datafield><datafield ind1=" " ind2=" " tag="900"><subfield code="a">REROnoselfmerge</subfield></datafield></record>
</metadata></record>