<record><header><identifier>oai:alma.41SLSP_UGE:991000795739705502</identifier><datestamp>2023-03-01T01:09:49Z</datestamp><setSpec>uge_bcen_RapidILL_BOOK</setSpec><setSpec>uge_aaca_RapidILL_BOOK</setSpec><setSpec>uge_abels_RapidILL_BOOK</setSpec><setSpec>uge_dbu_RapidILL_BOOK</setSpec><setSpec>uge_cmu_RapidILL_BOOK</setSpec><setSpec>uge_mail_RapidILL_BOOK</setSpec><setSpec>UNIGE_ALL</setSpec><setSpec>uge_abbat_RapidILL_BOOK</setSpec><setSpec>uge_aobs_RapidILL_BOOK</setSpec><setSpec>uge_acar_RapidILL_BOOK</setSpec></header><metadata>
<record xmlns="http://www.loc.gov/MARC21/slim" xmlns:xsi="http://www.w3.org/2001/XMLSchema-instance" xsi:schemaLocation="http://www.loc.gov/MARC21/slim http://www.loc.gov/standards/marcxml/schema/MARC21slim.xsd"><leader>01785nam a2200493 c 4500</leader><controlfield tag="001">991000795739705502</controlfield><controlfield tag="005">20221128162412.0</controlfield><controlfield tag="008">201012s2004    be ||||| |||| 00| ||lat d</controlfield><datafield ind1=" " ind2=" " tag="020"><subfield code="a">250351720X</subfield></datafield><datafield ind1=" " ind2=" " tag="035"><subfield code="a">(swissbib)235672300-41slsp_network</subfield></datafield><datafield ind1=" " ind2=" " tag="035"><subfield code="a">235672300</subfield><subfield code="9">ExL</subfield></datafield><datafield ind1=" " ind2=" " tag="035"><subfield code="a">(RERO)R003812491-41slsp</subfield></datafield><datafield ind1=" " ind2=" " tag="035"><subfield code="a">(NEBIS)004902053EBI01</subfield></datafield><datafield ind1=" " ind2=" " tag="035"><subfield code="a">(EXLNZ-41SLSP_NETWORK)991116610469705501</subfield></datafield><datafield ind1=" " ind2=" " tag="040"><subfield code="a">RERO gevbpu</subfield><subfield code="d">CH-ZuSLS</subfield></datafield><datafield ind1="0" ind2=" " tag="041"><subfield code="a">lat</subfield><subfield code="a">eng</subfield></datafield><datafield ind1=" " ind2="7" tag="072"><subfield code="a">ph</subfield><subfield code="2">rero</subfield></datafield><datafield ind1="1" ind2=" " tag="080"><subfield code="a">1&quot;06/15&quot;(082)</subfield></datafield><datafield ind1="0" ind2="4" tag="082"><subfield code="a">189.4</subfield><subfield code="2">21</subfield></datafield><datafield ind1="7" ind2="4" tag="082"><subfield code="a">100</subfield><subfield code="2">23sdnb</subfield></datafield><datafield ind1="1" ind2=" " tag="100"><subfield code="6">880-01</subfield><subfield code="a">Buridan, Jean</subfield><subfield code="d">1300?-1358</subfield><subfield code="0">(IDREF)02665086X</subfield><subfield code="4">cre</subfield></datafield><datafield ind1="1" ind2=" " tag="880"><subfield code="a">Buridan, Johannes</subfield><subfield code="d">1300-1358</subfield><subfield code="6">100-01/(B</subfield><subfield code="0">(DE-588)118818864</subfield><subfield code="4">aut</subfield></datafield><datafield ind1="1" ind2="0" tag="245"><subfield code="a">De practica sophismatum</subfield><subfield code="c">Johannes Buridanus ; introd., critical ed. and indexes by Fabienne Pironet</subfield></datafield><datafield ind1=" " ind2="1" tag="264"><subfield code="a">Turnhout</subfield><subfield code="b">Brepols</subfield><subfield code="c">2004</subfield></datafield><datafield ind1=" " ind2=" " tag="300"><subfield code="a">XLIX, 193 p.</subfield><subfield code="c">24 cm</subfield></datafield><datafield ind1=" " ind2=" " tag="336"><subfield code="b">txt</subfield><subfield code="2">rdacontent</subfield></datafield><datafield ind1=" " ind2=" " tag="337"><subfield code="b">n</subfield><subfield code="2">rdamedia</subfield></datafield><datafield ind1=" " ind2=" " tag="338"><subfield code="b">nc</subfield><subfield code="2">rdacarrier</subfield></datafield><datafield ind1="1" ind2=" " tag="490"><subfield code="a">Summulae / Johannes Buridanus</subfield><subfield code="v">9</subfield></datafield><datafield ind1="1" ind2=" " tag="490"><subfield code="a">Artistarium</subfield><subfield code="v">10-9</subfield></datafield><datafield ind1=" " ind2=" " tag="500"><subfield code="a">Texte latin, introd. en anglais</subfield></datafield><datafield ind1=" " ind2=" " tag="500"><subfield code="a">Text lat., Einleitung z.T. engl.</subfield></datafield><datafield ind1="1" ind2="7" tag="600"><subfield code="a">Buridan, Johannes</subfield><subfield code="d">1300-1358</subfield><subfield code="t">Sophismata</subfield><subfield code="0">(DE-588)4470979-1</subfield><subfield code="2">gnd</subfield></datafield><datafield ind1="1" ind2="0" tag="600"><subfield code="a">Buridan, Jean</subfield><subfield code="d">1300-1358</subfield><subfield code="t">Logic</subfield></datafield><datafield ind1=" " ind2="7" tag="650"><subfield code="a">Sophisma</subfield><subfield code="2">idszbz</subfield></datafield><datafield ind1=" " ind2="0" tag="650"><subfield code="a">Fallacies (Logic)</subfield></datafield><datafield ind1=" " ind2="0" tag="650"><subfield code="a">Fallacies (Logic)</subfield><subfield code="v">Early works to 1800</subfield></datafield><datafield ind1=" " ind2="0" tag="650"><subfield code="a">Logic, Medieval</subfield></datafield><datafield ind1=" " ind2="0" tag="650"><subfield code="a">Logic</subfield><subfield code="v">Early works to 1800</subfield></datafield><datafield ind1="1" ind2=" " tag="700"><subfield code="a">Pironet, Fabienne</subfield><subfield code="0">(IDREF)033661715</subfield></datafield><datafield ind1="1" ind2=" " tag="800"><subfield code="a">Buridanus, Johannes</subfield><subfield code="t">Summulae</subfield><subfield code="v">9</subfield><subfield code="w">(RERO)2031203-41slsp</subfield></datafield><datafield ind1=" " ind2=" " tag="830"><subfield code="a">Artistarium</subfield><subfield code="v">10,9</subfield><subfield code="w">(RERO)0477337-41slsp</subfield></datafield><datafield ind1=" " ind2=" " tag="830"><subfield code="a">Artistarium</subfield><subfield code="v">10/9</subfield><subfield code="w">(NEBIS)000997028EBI01</subfield></datafield><datafield ind1=" " ind2=" " tag="900"><subfield code="a">REROnoselfmerge</subfield></datafield><datafield ind1=" " ind2=" " tag="900"><subfield code="a">IDSZ2zbzmon200505e</subfield><subfield code="c">IDSZ2beer</subfield><subfield code="d">IDSZ2zbzswk200505b</subfield><subfield code="e">IDSZ2baur</subfield></datafield></record>
</metadata></record>