<record><header><identifier>oai:alma.41SLSP_UGE:991000795419705502</identifier><datestamp>2024-04-11T00:21:00Z</datestamp><setSpec>uge_bcen_RapidILL_BOOK</setSpec><setSpec>uge_aaca_RapidILL_BOOK</setSpec><setSpec>uge_abels_RapidILL_BOOK</setSpec><setSpec>uge_dbu_RapidILL_BOOK</setSpec><setSpec>uge_cmu_RapidILL_BOOK</setSpec><setSpec>uge_mail_RapidILL_BOOK</setSpec><setSpec>uge_abbat_RapidILL_BOOK</setSpec><setSpec>UNIGE_ALL</setSpec><setSpec>uge_acar_RapidILL_BOOK</setSpec><setSpec>uge_aobs_RapidILL_BOOK</setSpec></header><metadata>
<record xmlns="http://www.loc.gov/MARC21/slim" xmlns:xsi="http://www.w3.org/2001/XMLSchema-instance" xsi:schemaLocation="http://www.loc.gov/MARC21/slim http://www.loc.gov/standards/marcxml/schema/MARC21slim.xsd"><leader>06599nam a2200913 c 4500</leader><controlfield tag="001">991000795419705502</controlfield><controlfield tag="005">20240410140934.0</controlfield><controlfield tag="008">201011s2014    gw ||||| |||| 00| ||eng d</controlfield><datafield ind1=" " ind2=" " tag="010"><subfield code="a">2014427547</subfield></datafield><datafield ind1=" " ind2=" " tag="020"><subfield code="a">1849466114</subfield><subfield code="q">Hart Publishing</subfield></datafield><datafield ind1=" " ind2=" " tag="020"><subfield code="a">9781849466110</subfield><subfield code="q">Hart Publishing</subfield></datafield><datafield ind1=" " ind2=" " tag="020"><subfield code="a">9783037515976</subfield><subfield code="q">Dike</subfield><subfield code="c">CHF 120.-</subfield></datafield><datafield ind1=" " ind2=" " tag="020"><subfield code="a">9783848710621</subfield><subfield code="q">Nomos Verlag</subfield><subfield code="q">pbk.</subfield><subfield code="c">EUR 94.00</subfield></datafield><datafield ind1=" " ind2=" " tag="020"><subfield code="a">3848710625</subfield><subfield code="q">Nomos Verlag</subfield></datafield><datafield ind1=" " ind2=" " tag="020"><subfield code="a">303751597X</subfield><subfield code="q">Dike Verlag</subfield></datafield><datafield ind1=" " ind2=" " tag="035"><subfield code="a">(swissbib)228039959-41slsp_network</subfield></datafield><datafield ind1=" " ind2=" " tag="035"><subfield code="a">228039959</subfield><subfield code="9">ExL</subfield></datafield><datafield ind1=" " ind2=" " tag="035"><subfield code="a">(RERO)R007699762-41slsp</subfield></datafield><datafield ind1=" " ind2=" " tag="035"><subfield code="a">(IDSSG)000632278HSB01</subfield></datafield><datafield ind1=" " ind2=" " tag="035"><subfield code="a">(IDSBB)006205917DSV01</subfield></datafield><datafield ind1=" " ind2=" " tag="035"><subfield code="a">(IDSLU)001211069ILU01</subfield></datafield><datafield ind1=" " ind2=" " tag="035"><subfield code="a">(NEBIS)010291809EBI01</subfield></datafield><datafield ind1=" " ind2=" " tag="035"><subfield code="a">(OCoLC)881605151</subfield><subfield code="z">(OCoLC)875255370</subfield><subfield code="z">(OCoLC)893459314</subfield></datafield><datafield ind1=" " ind2=" " tag="035"><subfield code="a">(EXLNZ-41SLSP_NETWORK)991009934919705501</subfield></datafield><datafield ind1=" " ind2=" " tag="040"><subfield code="a">RERO ifisdc</subfield><subfield code="d">CH-ZuSLS</subfield></datafield><datafield ind1=" " ind2=" " tag="044"><subfield code="a">sz</subfield><subfield code="c">ch-zh</subfield></datafield><datafield ind1=" " ind2=" " tag="050"><subfield code="a">K3830</subfield><subfield code="b">.T58 2014</subfield></datafield><datafield ind1=" " ind2="7" tag="072"><subfield code="a">dr</subfield><subfield code="2">rero</subfield></datafield><datafield ind1=" " ind2="7" tag="072"><subfield code="a">rw</subfield><subfield code="2">SzZuIDS BS/BE</subfield></datafield><datafield ind1=" " ind2="7" tag="072"><subfield code="a">811</subfield><subfield code="2">IDS LU</subfield></datafield><datafield ind1="0" ind2="4" tag="082"><subfield code="a">346/.092</subfield><subfield code="2">23</subfield></datafield><datafield ind1="0" ind2="4" tag="082"><subfield code="a">340</subfield></datafield><datafield ind1="1" ind2="4" tag="082"><subfield code="a">340</subfield><subfield code="2">15</subfield></datafield><datafield ind1=" " ind2=" " tag="084"><subfield code="a">D 27 h</subfield><subfield code="2">cjurrom</subfield></datafield><datafield ind1="1" ind2=" " tag="100"><subfield code="6">880-01</subfield><subfield code="a">Titi, Catharine</subfield><subfield code="c">juriste</subfield><subfield code="d">19..-....</subfield><subfield code="0">(IDREF)181485028</subfield><subfield code="4">cre</subfield></datafield><datafield ind1="1" ind2=" " tag="880"><subfield code="6">100-01/(B</subfield><subfield code="a">Titi, Catharine</subfield><subfield code="d">1979-</subfield><subfield code="0">(DE-588)1050416392</subfield></datafield><datafield ind1="1" ind2="0" tag="245"><subfield code="a">&lt;&lt;The&gt;&gt; right to regulate in international investment law</subfield><subfield code="c">Aikaterini Titi</subfield></datafield><datafield ind1=" " ind2="1" tag="264"><subfield code="a">Baden-Baden</subfield><subfield code="b">Nomos</subfield><subfield code="a">Zürich</subfield><subfield code="b">Dike</subfield><subfield code="c">2014</subfield></datafield><datafield ind1=" " ind2=" " tag="300"><subfield code="a">376 S.</subfield><subfield code="c">23 cm</subfield></datafield><datafield ind1=" " ind2=" " tag="336"><subfield code="b">txt</subfield><subfield code="2">rdacontent</subfield></datafield><datafield ind1=" " ind2=" " tag="337"><subfield code="b">n</subfield><subfield code="2">rdamedia</subfield></datafield><datafield ind1=" " ind2=" " tag="338"><subfield code="b">nc</subfield><subfield code="2">rdacarrier</subfield></datafield><datafield ind1="1" ind2=" " tag="490"><subfield code="a">Studies in international investment law</subfield><subfield code="v">Bd. 10</subfield></datafield><datafield ind1=" " ind2=" " tag="500"><subfield code="a">Ed. commerciale de la thèse de Siegen, 2013</subfield></datafield><datafield ind1=" " ind2=" " tag="500"><subfield code="a">Publ. in coop. with Dike-Verlag, Zürich and Hart Publishing, Oxford</subfield></datafield><datafield ind1=" " ind2=" " tag="502"><subfield code="a">Diss. Univ. Siegen, 2013</subfield></datafield><datafield ind1=" " ind2=" " tag="504"><subfield code="a">Bibliogr.</subfield></datafield><datafield ind1="2" ind2="7" tag="611"><subfield code="a">Accords bilatéraux de promotion et de protection réciproque des investissements</subfield><subfield code="0">(RERO)A023167040</subfield><subfield code="2">rero</subfield></datafield><datafield ind1=" " ind2="7" tag="650"><subfield code="a">Investissements étrangers</subfield><subfield code="0">(IDREF)027234568</subfield><subfield code="2">idref</subfield></datafield><datafield ind1=" " ind2="7" tag="650"><subfield code="a">Protection</subfield><subfield code="0">(IDREF)027790150</subfield><subfield code="2">idref</subfield></datafield><datafield ind1=" " ind2="7" tag="650"><subfield code="a">Relations économiques internationales</subfield><subfield code="0">(IDREF)027323161</subfield><subfield code="2">idref</subfield></datafield><datafield ind1=" " ind2="7" tag="650"><subfield code="a">Droit international</subfield><subfield code="0">(IDREF)050627597</subfield><subfield code="2">idref</subfield></datafield><datafield ind1=" " ind2="7" tag="650"><subfield code="a">internationaler Investitionsschutz</subfield><subfield code="9">ger</subfield><subfield code="0">(RERO)jurivoc000011947ger</subfield><subfield code="2">jurivoc</subfield></datafield><datafield ind1=" " ind2="7" tag="650"><subfield code="a">international</subfield><subfield code="9">ger</subfield><subfield code="0">(RERO)jurivoc000011874ger</subfield><subfield code="2">jurivoc</subfield></datafield><datafield ind1=" " ind2="7" tag="650"><subfield code="a">Rechtssetzung</subfield><subfield code="9">ger</subfield><subfield code="0">(RERO)jurivoc000018456ger</subfield><subfield code="2">jurivoc</subfield></datafield><datafield ind1=" " ind2="7" tag="650"><subfield code="a">bilaterales Abkommen über den Investitionsschutz</subfield><subfield code="9">ger</subfield><subfield code="0">(RERO)jurivoc000004250ger</subfield><subfield code="2">jurivoc</subfield></datafield><datafield ind1=" " ind2="7" tag="650"><subfield code="a">Politique publique</subfield><subfield code="0">(IDREF)028693264</subfield><subfield code="2">idref</subfield></datafield><datafield ind1=" " ind2="7" tag="650"><subfield code="a">Internationale Schiedsgerichtsbarkeit</subfield><subfield code="0">(DE-588)4162055-0</subfield><subfield code="2">gnd</subfield></datafield><datafield ind1=" " ind2="7" tag="650"><subfield code="a">Internationales Recht</subfield><subfield code="0">(DE-588)4027447-0</subfield><subfield code="2">gnd</subfield></datafield><datafield ind1=" " ind2="7" tag="650"><subfield code="a">Legitimation</subfield><subfield code="0">(DE-588)4114382-6</subfield><subfield code="2">gnd</subfield></datafield><datafield ind1=" " ind2="7" tag="650"><subfield code="a">Internationales Wirtschaftsrecht</subfield><subfield code="0">(DE-588)4027461-5</subfield><subfield code="2">gnd</subfield></datafield><datafield ind1=" " ind2="7" tag="650"><subfield code="a">Auslandsinvestition</subfield><subfield code="0">(DE-588)4003772-1</subfield><subfield code="2">gnd</subfield></datafield><datafield ind1=" " ind2="7" tag="650"><subfield code="a">Regulierung</subfield><subfield code="0">(DE-588)4201190-5</subfield><subfield code="2">gnd</subfield></datafield><datafield ind1=" " ind2="0" tag="650"><subfield code="a">Investments, Foreign (International law)</subfield></datafield><datafield ind1=" " ind2="0" tag="650"><subfield code="a">Capital investments</subfield><subfield code="x">Law and legislation</subfield></datafield><datafield ind1=" " ind2="0" tag="650"><subfield code="a">International finance</subfield><subfield code="x">Law and legislation</subfield></datafield><datafield ind1=" " ind2="7" tag="650"><subfield code="a">Investments, Foreign (International law)</subfield><subfield code="2">fast</subfield></datafield><datafield ind1=" " ind2="7" tag="655"><subfield code="a">Thèses et écrits académiques</subfield><subfield code="0">(IDREF)027253139</subfield><subfield code="2">idref</subfield></datafield><datafield ind1=" " ind2="7" tag="655"><subfield code="a">Hochschulschrift</subfield><subfield code="2">gnd-content</subfield></datafield><datafield ind1=" " ind2=" " tag="690"><subfield code="a">Gericht (Rechtsprechung); Normung; Abkommen; Klausel; Investitionsrecht; Völkerrecht; Gewohnheitsrecht; Investmentrecht; Menschenrechte; Konkurs; Regulierung; Behandlung; GATT; Schutz; nationale Sicherheit; Anforderung; Enteignung; Verteidigung; Konvention; Meistbegünstigung; Entwicklung; Kontrolle; Meinung; Vorschrift; Formel; Kriterium; Urteil; Vorbehalt; Freiheit</subfield><subfield code="2">idssg-J</subfield></datafield><datafield ind1=" " ind2=" " tag="690"><subfield code="a">Schlussbemerkung; Investitionsabkommen; Mindeststandard; Völkergewohnheitsrecht; Ausnahmeklausel; Behandlungsstandard; Feststellungsrecht; Leistungsanforderung; Menschenrechtskonvention; Partnerschaftsabkommen; Rechtsklausel; Ausnahmeregelung; Investitionsschutz; Nichtdiskriminierung; Nichtverlängerung; Rechtsnatur; Regulierungsfreiheit; Cogen; Ehrerbietung; Prüfungsmaßstab; Sachgebiet; Sicherheitsinteresse; Vermögenstransfer; Vertragsbasis; Vormoderneinvestmentweltregime</subfield><subfield code="2">idssg-J</subfield></datafield><datafield ind1=" " ind2=" " tag="690"><subfield code="a">allgemeine Bestimmung; faire Behandlung; kulturelle Vielfalt; abschließende Bemerkung; allgemeine Ausnahme; allgemeine Ausnahmeklausel; allgemeine Bemerkung; allgemeine Rechtsklausel; allgemeines Völkerrecht; ausdrückliche Vertragsbasis; bedingter Standard; behördliche Freiheit; berechtigtes Interesse; bilaterale Ebene; eigenwillige Ausnahme; eng Sensu; erfolgreicher Aufruf; europäisches Investitionsabkommen; europäische Konvention; europäische Menschenrechtskonvention; europäische Union; expliziter Vertrag; freier Transfer; gerechte Behandlung; gesamter Vertrag; gleicher Umstand; grundlegendes Sicherheitsinteresse; hohe Gewalt; hohe Not; internationales Investitionsrecht; interpretative Erklärung; jeweiliger Behandlungsstandard; kanadischer Ansatz; kollektive Ebene; kulturelle Ausnahme; kulturelle Diversity; kulturelle Vielfalt; multilaterale Ebene; multilaterales Investitionsabkommen; nationale Behandlung; positive Sprache; praktische Verfügbarkeit; regulatorische Bestimmung; regulatorisches Interesse; spezifischer Standard; sprachliche Vielfalt; strategische Industrie; systemisches Ungleichgewicht; voller Schutz; volle Sicherheit; vorübergehende Ausnahmeregelung; wahrgenommene Bedrohung; weitere Reflexion; wesentliches Interesse; wesentliches Sicherheitsinteresse; wichtige Abkürzung; wirtschaftliche Sicherheit; äußere Dringlichkeit; öffentliches Interesse; öffentliche Ordnung</subfield><subfield code="2">idssg-J</subfield></datafield><datafield ind1=" " ind2=" " tag="690"><subfield code="a">Frankreich C4EUFR; Welt C00WOR; EU C4EU</subfield><subfield code="2">idssg-J</subfield></datafield><datafield ind1=" " ind2=" " tag="690"><subfield code="a">Aikaterini Titi; allgemein Ausnahmen Klauseln; Ansatz Carving Kulturwirtschaft; Enteignung Standard Vorbild; Gast Zustand Prüfung; Hart; Interesse Allgemeine Ausnahmen; Konkurs Wertpapiere Handel Straftaten; Regulate Internationales Investitionsrecht; Standard Behandlung Meistbegünstigung; wesentlich Sicherheitsinteressen Wirtschaftskrisen</subfield><subfield code="2">idssg-J</subfield></datafield><datafield ind1=" " ind2=" " tag="691"><subfield code="e">PD 27</subfield><subfield code="2">rzs-L1</subfield></datafield><datafield ind1=" " ind2=" " tag="691"><subfield code="e">PD 26</subfield><subfield code="2">rzs-L1</subfield></datafield><datafield ind1="4" ind2="2" tag="856"><subfield code="3">Titelblatt und Inhaltsverzeichnis</subfield><subfield code="u">https://toc.library.ethz.ch/objects/pdf03/z01_978-3-8487-1062-1_01.pdf</subfield><subfield code="q">pdf</subfield></datafield><datafield ind1=" " ind2="0" tag="830"><subfield code="a">Studien zum internationalen Investitionsrecht</subfield><subfield code="v">10</subfield><subfield code="w">(RERO)R005896414-41slsp</subfield></datafield><datafield ind1=" " ind2=" " tag="900"><subfield code="a">IDSZ2zbzmon201501f</subfield><subfield code="c">IDSZ2spie</subfield><subfield code="d">IDSZ2zbzswk201502g</subfield><subfield code="e">IDSZ2bruu</subfield></datafield><datafield ind1=" " ind2=" " tag="949"><subfield code="a">https://toc.library.ethz.ch/objects/pdf03/z01_978-3-8487-1062-1_01.pdf</subfield></datafield></record>
</metadata></record>