<record><header><identifier>oai:alma.41SLSP_UGE:991000795939705502</identifier><datestamp>2023-12-07T01:21:43Z</datestamp><setSpec>uge_bcen_RapidILL_BOOK</setSpec><setSpec>uge_aaca_RapidILL_BOOK</setSpec><setSpec>uge_abels_RapidILL_BOOK</setSpec><setSpec>uge_dbu_RapidILL_BOOK</setSpec><setSpec>uge_cmu_RapidILL_BOOK</setSpec><setSpec>uge_mail_RapidILL_BOOK</setSpec><setSpec>uge_abbat_RapidILL_BOOK</setSpec><setSpec>UNIGE_ALL</setSpec><setSpec>uge_acar_RapidILL_BOOK</setSpec><setSpec>uge_aobs_RapidILL_BOOK</setSpec></header><metadata>
<record xmlns="http://www.loc.gov/MARC21/slim" xmlns:xsi="http://www.w3.org/2001/XMLSchema-instance" xsi:schemaLocation="http://www.loc.gov/MARC21/slim http://www.loc.gov/standards/marcxml/schema/MARC21slim.xsd"><leader>01561naa a2200301 c 4500</leader><controlfield tag="001">991000795939705502</controlfield><controlfield tag="005">20230327175417.0</controlfield><controlfield tag="008">880516s1987    ne ||||| |||| 00| ||ger d</controlfield><datafield ind1=" " ind2=" " tag="035"><subfield code="a">(swissbib)082756570-41slsp_network</subfield></datafield><datafield ind1=" " ind2=" " tag="035"><subfield code="a">082756570</subfield><subfield code="9">ExL</subfield></datafield><datafield ind1=" " ind2=" " tag="035"><subfield code="a">(RERO)0976984-41slsp</subfield></datafield><datafield ind1=" " ind2=" " tag="035"><subfield code="a">(EXLNZ-41SLSP_NETWORK)991156591029705501</subfield></datafield><datafield ind1=" " ind2=" " tag="040"><subfield code="a">RERO geubfd</subfield><subfield code="d">CH-ZuSLS</subfield></datafield><datafield ind1="0" ind2=" " tag="041"><subfield code="a">ger</subfield><subfield code="a">eng</subfield><subfield code="a">fre</subfield></datafield><datafield ind1=" " ind2="7" tag="072"><subfield code="a">dr</subfield><subfield code="2">rero</subfield></datafield><datafield ind1=" " ind2=" " tag="084"><subfield code="a">A 54 i</subfield><subfield code="2">cjurrom</subfield></datafield><datafield ind1="1" ind2=" " tag="100"><subfield code="a">Rivier, Jean-Marc</subfield><subfield code="c">juriste</subfield><subfield code="d">19..-....</subfield><subfield code="0">(IDREF)067000657</subfield><subfield code="4">cre</subfield></datafield><datafield ind1="1" ind2="0" tag="245"><subfield code="a">Rapport général</subfield><subfield code="b">[Suisse] = General report : [Switzerland] = Generalbericht : [Schweiz] = Ponencia general : [Suiza]</subfield><subfield code="c">Jean-Marc Rivier</subfield></datafield><datafield ind1=" " ind2=" " tag="336"><subfield code="b">txt</subfield><subfield code="2">rdacontent</subfield></datafield><datafield ind1=" " ind2=" " tag="337"><subfield code="b">n</subfield><subfield code="2">rdamedia</subfield></datafield><datafield ind1=" " ind2=" " tag="338"><subfield code="b">nc</subfield><subfield code="2">rdacarrier</subfield></datafield><datafield ind1=" " ind2=" " tag="500"><subfield code="a">Texte français : p. 15-45 ; texte anglais : p. 47-76 ; texte allemand : p. 77-111 ; texte espagnol : p. 113-143</subfield></datafield><datafield ind1=" " ind2=" " tag="580"><subfield code="a">In: The fiscal residence of companies = La résidence fiscale des sociétés = Die steuerliche Ansässigkeit von Kapitalgesellschaften... : [41e Congrès international de droit financier et fiscal, Bruxelles, 1987]. - Deventer ; Antwerp [etc.] : Kluwer, cop. 1987. - P. 15-143</subfield></datafield><datafield ind1=" " ind2="7" tag="650"><subfield code="a">Domicile</subfield><subfield code="0">(IDREF)027849694</subfield><subfield code="2">idref</subfield></datafield><datafield ind1=" " ind2="7" tag="650"><subfield code="a">société commerciale</subfield><subfield code="0">(RERO)A010151469</subfield><subfield code="2">rerovoc</subfield></datafield><datafield ind1=" " ind2="7" tag="650"><subfield code="a">Droit comparé</subfield><subfield code="0">(IDREF)027741451</subfield><subfield code="2">idref</subfield></datafield><datafield ind1=" " ind2="7" tag="650"><subfield code="a">Droit fiscal (droit international)</subfield><subfield code="0">(IDREF)027741583</subfield><subfield code="2">idref</subfield></datafield><datafield ind1="0" ind2=" " tag="773"><subfield code="t">Fiscal residence of companies = La résidence fiscale des sociétés = Die steuerliche Ansässigkeit von Kapitalgesellschaften</subfield><subfield code="g">P. 15-143</subfield><subfield code="w">(RERO)0916732-41slsp</subfield></datafield><datafield ind1=" " ind2=" " tag="900"><subfield code="a">REROnoselfmerge</subfield></datafield></record>
</metadata></record>