<record><header><identifier>oai:alma.41SLSP_UGE:991000795969705502</identifier><datestamp>2023-03-01T01:09:49Z</datestamp><setSpec>uge_bcen_RapidILL_BOOK</setSpec><setSpec>uge_aaca_RapidILL_BOOK</setSpec><setSpec>uge_abels_RapidILL_BOOK</setSpec><setSpec>uge_dbu_RapidILL_BOOK</setSpec><setSpec>uge_cmu_RapidILL_BOOK</setSpec><setSpec>uge_mail_RapidILL_BOOK</setSpec><setSpec>UNIGE_ALL</setSpec><setSpec>uge_abbat_RapidILL_BOOK</setSpec><setSpec>uge_aobs_RapidILL_BOOK</setSpec><setSpec>uge_acar_RapidILL_BOOK</setSpec></header><metadata>
<record xmlns="http://www.loc.gov/MARC21/slim" xmlns:xsi="http://www.w3.org/2001/XMLSchema-instance" xsi:schemaLocation="http://www.loc.gov/MARC21/slim http://www.loc.gov/standards/marcxml/schema/MARC21slim.xsd"><leader>03169nam a2200781uc 4500</leader><controlfield tag="001">991000795969705502</controlfield><controlfield tag="005">20230130192313.0</controlfield><controlfield tag="008">201012t19921992xxu    |      00| ||eng|d</controlfield><datafield ind1=" " ind2=" " tag="020"><subfield code="a">0691031886</subfield></datafield><datafield ind1="7" ind2=" " tag="024"><subfield code="a">http://catalogue.bnf.fr/ark:/12148/cb374165978</subfield><subfield code="2">uri</subfield></datafield><datafield ind1=" " ind2=" " tag="035"><subfield code="a">(swissbib)242795951-41slsp_network</subfield></datafield><datafield ind1=" " ind2=" " tag="035"><subfield code="a">242795951</subfield><subfield code="9">ExL</subfield></datafield><datafield ind1=" " ind2=" " tag="035"><subfield code="a">(NEBIS)001228478EBI01</subfield></datafield><datafield ind1=" " ind2=" " tag="035"><subfield code="a">(RERO)1585472-41slsp</subfield></datafield><datafield ind1=" " ind2=" " tag="035"><subfield code="a">(IDSLU)000065874ILU01</subfield></datafield><datafield ind1=" " ind2=" " tag="035"><subfield code="a">(IDSBB)000841195DSV01</subfield></datafield><datafield ind1=" " ind2=" " tag="035"><subfield code="a">(EXLNZ-41SLSP_NETWORK)991031484389705501</subfield></datafield><datafield ind1=" " ind2=" " tag="040"><subfield code="a">ZBZ</subfield><subfield code="b">ger</subfield><subfield code="e">ETHICS-ISBD</subfield><subfield code="d">CH-ZuSLS</subfield></datafield><datafield ind1=" " ind2=" " tag="044"><subfield code="a">xxu</subfield><subfield code="a">xxk</subfield></datafield><datafield ind1=" " ind2="7" tag="072"><subfield code="a">ht</subfield><subfield code="2">rero</subfield></datafield><datafield ind1=" " ind2="7" tag="072"><subfield code="a">630</subfield><subfield code="2">IDS LU</subfield></datafield><datafield ind1=" " ind2="7" tag="072"><subfield code="a">ng</subfield><subfield code="2">SzZuIDS BS/BE</subfield></datafield><datafield ind1="0" ind2="0" tag="082"><subfield code="a">942.05/5</subfield><subfield code="2">20</subfield></datafield><datafield ind1="0" ind2="4" tag="082"><subfield code="a">320.942</subfield><subfield code="b">M121e</subfield></datafield><datafield ind1="1" ind2="4" tag="082"><subfield code="a">942.055</subfield><subfield code="2">22</subfield></datafield><datafield ind1="1" ind2="4" tag="082"><subfield code="a">900</subfield><subfield code="2">15</subfield></datafield><datafield ind1=" " ind2=" " tag="084"><subfield code="a">NN 4040</subfield><subfield code="2">rvk</subfield></datafield><datafield ind1="1" ind2=" " tag="100"><subfield code="a">MacCaffrey, Wallace Trevithie</subfield><subfield code="d">1920-</subfield><subfield code="0">(DE-588)1089165005</subfield></datafield><datafield ind1="1" ind2="0" tag="240"><subfield code="a">Elizabeth the first</subfield></datafield><datafield ind1="1" ind2="0" tag="245"><subfield code="a">Elizabeth I</subfield><subfield code="b">war and politics, 1588-1603</subfield><subfield code="c">by Wallace T. MacCaffrey</subfield></datafield><datafield ind1="1" ind2=" " tag="246"><subfield code="a">Elizabeth the First</subfield></datafield><datafield ind1=" " ind2="1" tag="264"><subfield code="a">Princeton, N.J.</subfield><subfield code="b">Princeton University Press</subfield><subfield code="c">1992</subfield></datafield><datafield ind1=" " ind2="4" tag="264"><subfield code="c">© 1992</subfield></datafield><datafield ind1=" " ind2=" " tag="300"><subfield code="a">XV, 592 p.</subfield><subfield code="b">portr.</subfield><subfield code="c">23 cm</subfield></datafield><datafield ind1=" " ind2=" " tag="336"><subfield code="b">txt</subfield><subfield code="2">rdacontent</subfield></datafield><datafield ind1=" " ind2=" " tag="337"><subfield code="b">n</subfield><subfield code="2">rdamedia</subfield></datafield><datafield ind1=" " ind2=" " tag="338"><subfield code="b">nc</subfield><subfield code="2">rdacarrier</subfield></datafield><datafield ind1=" " ind2=" " tag="504"><subfield code="a">Includes bibliographical references (p. 575-584) and index</subfield></datafield><datafield ind1="1" ind2="7" tag="600"><subfield code="a">Elisabeth (England, Königin, 1)</subfield><subfield code="2">idszbz</subfield></datafield><datafield ind1="0" ind2="7" tag="600"><subfield code="a">Elisabeth</subfield><subfield code="b">I.</subfield><subfield code="c">England, Königin</subfield><subfield code="d">1533-1603</subfield><subfield code="0">(DE-588)118529870</subfield><subfield code="2">gnd</subfield></datafield><datafield ind1="3" ind2="7" tag="600"><subfield code="a">Tudor</subfield><subfield code="c">Familie</subfield><subfield code="0">(DE-588)118763121</subfield><subfield code="2">gnd</subfield></datafield><datafield ind1="0" ind2="0" tag="600"><subfield code="a">Elizabeth</subfield><subfield code="b">I</subfield><subfield code="c">Queen of England</subfield><subfield code="d">1533-1603</subfield></datafield><datafield ind1="0" ind2="7" tag="600"><subfield code="a">Élisabeth</subfield><subfield code="b">I</subfield><subfield code="c">reine d'Angleterre</subfield><subfield code="d">1533-1603</subfield><subfield code="0">(IDREF)027474526</subfield><subfield code="2">idref</subfield></datafield><datafield ind1="0" ind2="7" tag="600"><subfield code="a">Elisabeth</subfield><subfield code="b">1</subfield><subfield code="c">England, Königin</subfield><subfield code="2">idsbb</subfield></datafield><datafield ind1=" " ind2="7" tag="648"><subfield code="a">Geschichte 1550-1600</subfield><subfield code="2">idszbz</subfield></datafield><datafield ind1=" " ind2="7" tag="648"><subfield code="a">Geschichte 1588-1603</subfield><subfield code="2">idszbz</subfield></datafield><datafield ind1=" " ind2="7" tag="650"><subfield code="a">Strategie</subfield><subfield code="2">idszbz</subfield></datafield><datafield ind1=" " ind2="7" tag="650"><subfield code="a">Internationaler Konflikt</subfield><subfield code="0">(DE-588)4162071-9</subfield><subfield code="2">gnd</subfield></datafield><datafield ind1=" " ind2="7" tag="650"><subfield code="a">Politische Führung</subfield><subfield code="0">(DE-588)4115584-1</subfield><subfield code="2">gnd</subfield></datafield><datafield ind1=" " ind2="7" tag="650"><subfield code="a">1588-1603</subfield><subfield code="2">rero</subfield></datafield><datafield ind1=" " ind2="7" tag="650"><subfield code="a">Relations extérieures</subfield><subfield code="0">(IDREF)027811255</subfield><subfield code="2">idref</subfield></datafield><datafield ind1=" " ind2="7" tag="650"><subfield code="a">Krieg</subfield><subfield code="z">Grossbritannien</subfield><subfield code="y">Geschichte 16. Jh</subfield><subfield code="2">idsbb</subfield></datafield><datafield ind1=" " ind2="7" tag="651"><subfield code="a">Großbritannien</subfield><subfield code="2">idszbz</subfield></datafield><datafield ind1=" " ind2="7" tag="651"><subfield code="a">England</subfield><subfield code="0">(DE-588)4014770-8</subfield><subfield code="2">gnd</subfield></datafield><datafield ind1=" " ind2="7" tag="651"><subfield code="a">Irland</subfield><subfield code="0">(DE-588)4027667-3</subfield><subfield code="2">gnd</subfield></datafield><datafield ind1=" " ind2="7" tag="651"><subfield code="a">Spanien</subfield><subfield code="0">(DE-588)4055964-6</subfield><subfield code="2">gnd</subfield></datafield><datafield ind1=" " ind2="0" tag="651"><subfield code="a">Great Britain</subfield><subfield code="x">History, Military</subfield><subfield code="y">1485-1603</subfield></datafield><datafield ind1=" " ind2="0" tag="651"><subfield code="a">Great Britain</subfield><subfield code="x">History</subfield><subfield code="y">Elizabeth, 1558-1603</subfield></datafield><datafield ind1=" " ind2="0" tag="651"><subfield code="a">Great Britain</subfield><subfield code="x">Politics and government</subfield><subfield code="y">1558-1603</subfield></datafield><datafield ind1=" " ind2="7" tag="651"><subfield code="a">Grande-Bretagne</subfield><subfield code="0">(IDREF)027228231</subfield><subfield code="2">idref</subfield></datafield><datafield ind1=" " ind2="7" tag="651"><subfield code="a">Grossbritannien</subfield><subfield code="x">Politik</subfield><subfield code="y">Geschichte 16. Jh</subfield><subfield code="2">idsbb</subfield></datafield><datafield ind1=" " ind2=" " tag="690"><subfield code="a">Politik. England. Geschichte. 16/17. Jh. 1588/1603</subfield><subfield code="2">rzs-L1</subfield></datafield><datafield ind1=" " ind2=" " tag="690"><subfield code="a">Regierung. England. Geschichte. 16/17. Jh. 1588/1603</subfield><subfield code="2">rzs-L1</subfield></datafield><datafield ind1=" " ind2=" " tag="690"><subfield code="a">Elisabeth I., Königin von England (1558/1603), B: Politik. Geschichte. 1588/1603</subfield><subfield code="2">rzs-L1</subfield></datafield><datafield ind1="1" ind2=" " tag="700"><subfield code="a">MacCaffrey, Wallace T.</subfield><subfield code="d">1920-....</subfield><subfield code="0">(IDREF)030771951</subfield><subfield code="4">cre</subfield></datafield><datafield ind1="1" ind2=" " tag="700"><subfield code="a">MacCaffrey, Wallace T.</subfield></datafield><datafield ind1="4" ind2=" " tag="856"><subfield code="3">Inhaltsverzeichnis</subfield><subfield code="u">https://www.ub.unibas.ch/tox/HBZ/HT004326570/PDF</subfield><subfield code="q">pdf</subfield></datafield><datafield ind1=" " ind2=" " tag="900"><subfield code="a">REROnoselfmerge</subfield></datafield><datafield ind1=" " ind2=" " tag="949"><subfield code="a">https://www.ub.unibas.ch/tox/HBZ/HT004326570/PDF</subfield></datafield></record>
</metadata></record>