<record><header><identifier>oai:alma.41SLSP_UGE:991000795239705502</identifier><datestamp>2023-03-31T00:26:28Z</datestamp><setSpec>uge_bcen_RapidILL_BOOK</setSpec><setSpec>uge_aaca_RapidILL_BOOK</setSpec><setSpec>uge_abels_RapidILL_BOOK</setSpec><setSpec>uge_dbu_RapidILL_BOOK</setSpec><setSpec>uge_cmu_RapidILL_BOOK</setSpec><setSpec>uge_mail_RapidILL_BOOK</setSpec><setSpec>uge_abbat_RapidILL_BOOK</setSpec><setSpec>UNIGE_ALL</setSpec><setSpec>uge_acar_RapidILL_BOOK</setSpec><setSpec>uge_aobs_RapidILL_BOOK</setSpec></header><metadata>
<record xmlns="http://www.loc.gov/MARC21/slim" xmlns:xsi="http://www.w3.org/2001/XMLSchema-instance" xsi:schemaLocation="http://www.loc.gov/MARC21/slim http://www.loc.gov/standards/marcxml/schema/MARC21slim.xsd"><leader>02119nam a2200457 c 4500</leader><controlfield tag="001">991000795239705502</controlfield><controlfield tag="005">20230330223513.0</controlfield><controlfield tag="008">201011s1983    ne ||||| |||| 10| ||eng d</controlfield><datafield ind1=" " ind2=" " tag="020"><subfield code="a">0444866795</subfield></datafield><datafield ind1=" " ind2=" " tag="035"><subfield code="a">(swissbib)211090743-41slsp_network</subfield></datafield><datafield ind1=" " ind2=" " tag="035"><subfield code="a">211090743</subfield><subfield code="9">ExL</subfield></datafield><datafield ind1=" " ind2=" " tag="035"><subfield code="a">(RERO)0643074-41slsp</subfield></datafield><datafield ind1=" " ind2=" " tag="035"><subfield code="a">(NEBIS)000306700EBI01</subfield></datafield><datafield ind1=" " ind2=" " tag="035"><subfield code="a">(EXLNZ-41SLSP_NETWORK)991012335969705501</subfield></datafield><datafield ind1=" " ind2=" " tag="040"><subfield code="a">RERO geussp</subfield><subfield code="d">CH-ZuSLS</subfield></datafield><datafield ind1=" " ind2="7" tag="072"><subfield code="a">py</subfield><subfield code="2">rero</subfield></datafield><datafield ind1="0" ind2="0" tag="245"><subfield code="a">Terremoti</subfield><subfield code="b">osservazione, teoria e interpretazione = Earthquakes : observation, theory and interpretation</subfield><subfield code="c">ed. by H. Kanamori and E. Boschi</subfield></datafield><datafield ind1="1" ind2=" " tag="246"><subfield code="a">Earthquakes</subfield></datafield><datafield ind1="1" ind2=" " tag="246"><subfield code="a">Terremoti: osservazione, teoria e interpretazione</subfield></datafield><datafield ind1=" " ind2="1" tag="264"><subfield code="a">Amsterdam [etc.]</subfield><subfield code="b">North-Holland</subfield><subfield code="c">1983</subfield></datafield><datafield ind1=" " ind2=" " tag="300"><subfield code="a">XXVI, 608 p.</subfield><subfield code="b">ill.</subfield><subfield code="c">25 cm</subfield></datafield><datafield ind1=" " ind2=" " tag="336"><subfield code="b">txt</subfield><subfield code="2">rdacontent</subfield></datafield><datafield ind1=" " ind2=" " tag="337"><subfield code="b">n</subfield><subfield code="2">rdamedia</subfield></datafield><datafield ind1=" " ind2=" " tag="338"><subfield code="b">nc</subfield><subfield code="2">rdacarrier</subfield></datafield><datafield ind1="1" ind2=" " tag="490"><subfield code="a">Rendiconti della Scuola internazionale di fisica &quot;Enrico Fermi&quot;</subfield><subfield code="v">corso 85</subfield></datafield><datafield ind1="1" ind2=" " tag="490"><subfield code="a">Proceedings of the International School of Physics &quot;Enrico Fermi&quot;</subfield><subfield code="v">course 85</subfield></datafield><datafield ind1=" " ind2=" " tag="500"><subfield code="a">Ce cours a eu lieu du 29 juin au 9 juillet 1982</subfield></datafield><datafield ind1=" " ind2=" " tag="500"><subfield code="a">Text nur engl.</subfield></datafield><datafield ind1=" " ind2=" " tag="500"><subfield code="a">Am Kopf der Titelseite: Italian Physical Society</subfield></datafield><datafield ind1=" " ind2="7" tag="650"><subfield code="a">Sismologie</subfield><subfield code="0">(IDREF)027248593</subfield><subfield code="2">idref</subfield></datafield><datafield ind1=" " ind2="7" tag="650"><subfield code="a">Séismes</subfield><subfield code="0">(IDREF)027247805</subfield><subfield code="2">idref</subfield></datafield><datafield ind1=" " ind2="7" tag="650"><subfield code="a">ERDBEBEN + SEEBEBEN (GEOPHYSIK)</subfield><subfield code="9">ger</subfield><subfield code="0">(ETHUDK)000057352</subfield><subfield code="2">ethudk</subfield></datafield><datafield ind1=" " ind2="7" tag="650"><subfield code="a">SEISMOLOGISCHE THEORIE, MODELLE UND FORSCHUNG (GEOPHYSIK)</subfield><subfield code="9">ger</subfield><subfield code="0">(ETHUDK)000019854</subfield><subfield code="2">ethudk</subfield></datafield><datafield ind1=" " ind2="7" tag="655"><subfield code="a">Actes de congrès</subfield><subfield code="0">(IDREF)02886431X</subfield><subfield code="2">idref</subfield></datafield><datafield ind1=" " ind2="7" tag="655"><subfield code="a">Konferenzschrift</subfield><subfield code="z">Varenna</subfield><subfield code="y">1982/06</subfield><subfield code="b">1982/07</subfield><subfield code="2">gnd-content</subfield></datafield><datafield ind1="1" ind2=" " tag="700"><subfield code="a">Boschi, Enzo</subfield><subfield code="d">1942-....</subfield><subfield code="0">(IDREF)032994168</subfield></datafield><datafield ind1="1" ind2=" " tag="700"><subfield code="a">Kanamori, Hiroo</subfield><subfield code="d">1936-....</subfield><subfield code="0">(IDREF)130035122</subfield></datafield><datafield ind1="2" ind2=" " tag="710"><subfield code="a">Società italiana di fisica</subfield><subfield code="0">(DE-588)1011890-1</subfield></datafield><datafield ind1="2" ind2=" " tag="710"><subfield code="a">Scuola Internazionale di Fisica &quot;Enrico Fermi&quot;</subfield><subfield code="b">Corso</subfield><subfield code="n">85</subfield><subfield code="d">1983</subfield><subfield code="c">Varenna</subfield><subfield code="0">(RERO)A016442444</subfield></datafield><datafield ind1=" " ind2="0" tag="830"><subfield code="a">Rendiconti della Scuola Internazionale di Fisica &quot;Enrico Fermi&quot;</subfield><subfield code="v">85</subfield><subfield code="w">(NEBIS)000039659EBI01</subfield></datafield><datafield ind1=" " ind2="0" tag="830"><subfield code="a">Rendiconti della Scuola internazionale di fisica &quot;Enrico Fermi&quot;</subfield><subfield code="v">85</subfield><subfield code="w">(RERO)0531290-41slsp</subfield></datafield><datafield ind1=" " ind2=" " tag="900"><subfield code="a">REROnoselfmerge</subfield></datafield></record>
</metadata></record>