<record><header><identifier>oai:alma.41SLSP_UGE:991000795659705502</identifier><datestamp>2024-10-16T00:18:53Z</datestamp><setSpec>uge_bcen_RapidILL_BOOK</setSpec><setSpec>uge_aaca_RapidILL_BOOK</setSpec><setSpec>uge_abels_RapidILL_BOOK</setSpec><setSpec>uge_dbu_RapidILL_BOOK</setSpec><setSpec>uge_cmu_RapidILL_BOOK</setSpec><setSpec>uge_mail_RapidILL_BOOK</setSpec><setSpec>uge_abbat_RapidILL_BOOK</setSpec><setSpec>UNIGE_ALL</setSpec><setSpec>uge_aobs_RapidILL_BOOK</setSpec><setSpec>uge_acar_RapidILL_BOOK</setSpec></header><metadata>
<record xmlns="http://www.loc.gov/MARC21/slim" xmlns:xsi="http://www.w3.org/2001/XMLSchema-instance" xsi:schemaLocation="http://www.loc.gov/MARC21/slim http://www.loc.gov/standards/marcxml/schema/MARC21slim.xsd"><leader>02929nam a2200349 c 4500</leader><controlfield tag="001">991000795659705502</controlfield><controlfield tag="005">20210206204441.0</controlfield><controlfield tag="008">930806s1969    ru ||||| |||| 00| ||rus d</controlfield><datafield ind1=" " ind2=" " tag="035"><subfield code="a">(swissbib)087843285-41slsp_network</subfield></datafield><datafield ind1=" " ind2=" " tag="035"><subfield code="a">087843285</subfield><subfield code="9">ExL</subfield></datafield><datafield ind1=" " ind2=" " tag="035"><subfield code="a">(RERO)1722248-41slsp</subfield></datafield><datafield ind1=" " ind2=" " tag="035"><subfield code="a">(EXLNZ-41SLSP_NETWORK)991159463429705501</subfield></datafield><datafield ind1=" " ind2=" " tag="040"><subfield code="a">RERO frbcuc</subfield><subfield code="d">CH-ZuSLS</subfield></datafield><datafield ind1=" " ind2="7" tag="072"><subfield code="a">ru</subfield><subfield code="2">rero</subfield></datafield><datafield ind1="1" ind2=" " tag="100"><subfield code="6">880-01</subfield><subfield code="a">Griboedov, Aleksandr Sergeevič</subfield><subfield code="d">1795-1829</subfield><subfield code="0">(IDREF)085796662</subfield><subfield code="4">cre</subfield></datafield><datafield ind1="1" ind2=" " tag="880"><subfield code="6">100-01/(N</subfield><subfield code="a">Грибоедов, Александр Сергеевич</subfield></datafield><datafield ind1="1" ind2="0" tag="245"><subfield code="6">880-02</subfield><subfield code="a">Gore ot uma</subfield><subfield code="c">A.S. Griboedov ; izd. podg. N.K. Piksanov, pri uchastii A.L. Grishunina</subfield></datafield><datafield ind1="1" ind2="0" tag="880"><subfield code="6">245-02/(N</subfield><subfield code="a">Горе от ума</subfield><subfield code="c">А.С. Грибоедов ; изд. подг. Н.К. Пиксанов, при участии А.Л. Гришунина</subfield></datafield><datafield ind1="1" ind2=" " tag="246"><subfield code="a">Gore ot uma / A.S. Griboedov ; izd. podg. N.K. Piksanov, pri učastii A.L. Grišunina</subfield></datafield><datafield ind1=" " ind2="1" tag="264"><subfield code="6">880-03</subfield><subfield code="a">Moskva</subfield><subfield code="b">Nauka</subfield><subfield code="c">1969</subfield></datafield><datafield ind1=" " ind2="1" tag="880"><subfield code="6">264-03/(N</subfield><subfield code="a">Москва</subfield><subfield code="b">Наука</subfield><subfield code="c">1969</subfield></datafield><datafield ind1=" " ind2=" " tag="300"><subfield code="a">397 p., [1] f. de portr., [8] p. de pl.</subfield><subfield code="b">fig.</subfield><subfield code="c">22 cm</subfield></datafield><datafield ind1=" " ind2=" " tag="336"><subfield code="b">txt</subfield><subfield code="2">rdacontent</subfield></datafield><datafield ind1=" " ind2=" " tag="337"><subfield code="b">n</subfield><subfield code="2">rdamedia</subfield></datafield><datafield ind1=" " ind2=" " tag="338"><subfield code="b">nc</subfield><subfield code="2">rdacarrier</subfield></datafield><datafield ind1="1" ind2=" " tag="490"><subfield code="6">880-04</subfield><subfield code="a">Literaturnye pamjatniki</subfield></datafield><datafield ind1="0" ind2=" " tag="880"><subfield code="6">490-04/(N</subfield><subfield code="a">Литературные памятники</subfield></datafield><datafield ind1="1" ind2="7" tag="600"><subfield code="a">Griboedov, Aleksandr Sergeevič</subfield><subfield code="d">1795-1829</subfield><subfield code="t">&lt;&lt;Le &gt;&gt;malheur d'avoir trop d'esprit</subfield><subfield code="0">(IDREF)125320213</subfield><subfield code="2">idref</subfield></datafield><datafield ind1="1" ind2=" " tag="700"><subfield code="6">880-05</subfield><subfield code="a">Piksanov, Nikolaï Kiriakovitch</subfield><subfield code="d">1878-1969</subfield><subfield code="0">(IDREF)060746521</subfield></datafield><datafield ind1="1" ind2=" " tag="880"><subfield code="6">700-05/(N</subfield><subfield code="a">Пиксанов, Николай Кирьякович</subfield></datafield><datafield ind1=" " ind2="0" tag="830"><subfield code="6">880-07</subfield><subfield code="a">Literaturnye pami︠a︡tniki</subfield><subfield code="p">&quot;Nauka&quot; Izd Akademii nauk SSSR</subfield><subfield code="w">(RERO)0745551-41slsp</subfield></datafield><datafield ind1=" " ind2="0" tag="880"><subfield code="6">830-07</subfield><subfield code="a">Литературные памятники</subfield><subfield code="p">&quot;Наука&quot; Изд Академии наук СССР</subfield></datafield><datafield ind1=" " ind2=" " tag="900"><subfield code="a">REROnoselfmerge</subfield></datafield></record>
</metadata></record>