<record><header><identifier>oai:alma.41SLSP_UGE:991000795449705502</identifier><datestamp>2024-03-09T01:31:05Z</datestamp><setSpec>uge_bcen_RapidILL_BOOK</setSpec><setSpec>uge_aaca_RapidILL_BOOK</setSpec><setSpec>uge_abels_RapidILL_BOOK</setSpec><setSpec>uge_dbu_RapidILL_BOOK</setSpec><setSpec>uge_cmu_RapidILL_BOOK</setSpec><setSpec>uge_mail_RapidILL_BOOK</setSpec><setSpec>uge_abbat_RapidILL_BOOK</setSpec><setSpec>UNIGE_ALL</setSpec><setSpec>uge_acar_RapidILL_BOOK</setSpec><setSpec>uge_aobs_RapidILL_BOOK</setSpec></header><metadata>
<record xmlns="http://www.loc.gov/MARC21/slim" xmlns:xsi="http://www.w3.org/2001/XMLSchema-instance" xsi:schemaLocation="http://www.loc.gov/MARC21/slim http://www.loc.gov/standards/marcxml/schema/MARC21slim.xsd"><leader>01541nam a2200421 c 4500</leader><controlfield tag="001">991000795449705502</controlfield><controlfield tag="005">20240308061325.0</controlfield><controlfield tag="008">201011s2018    sp       |||| 000 0 spa|d</controlfield><datafield ind1=" " ind2=" " tag="020"><subfield code="a">9788426405692</subfield></datafield><datafield ind1=" " ind2=" " tag="020"><subfield code="a">842640569X</subfield></datafield><datafield ind1=" " ind2=" " tag="035"><subfield code="a">(swissbib)211339814-41slsp_network</subfield></datafield><datafield ind1=" " ind2=" " tag="035"><subfield code="a">211339814</subfield><subfield code="9">ExL</subfield></datafield><datafield ind1=" " ind2=" " tag="035"><subfield code="a">(NEBIS)011390598EBI01</subfield></datafield><datafield ind1=" " ind2=" " tag="035"><subfield code="a">(RERO)R008854099-41slsp</subfield></datafield><datafield ind1=" " ind2=" " tag="035"><subfield code="a">(OCoLC)1060981480</subfield></datafield><datafield ind1=" " ind2=" " tag="035"><subfield code="a">(ABN)000849930ABN01</subfield></datafield><datafield ind1=" " ind2=" " tag="035"><subfield code="a">(EXLNZ-41SLSP_NETWORK)991155334829705501</subfield></datafield><datafield ind1=" " ind2=" " tag="040"><subfield code="a">IBEAM</subfield><subfield code="b">ger</subfield><subfield code="e">rda</subfield><subfield code="d">CH-ZuSLS</subfield></datafield><datafield ind1=" " ind2="7" tag="072"><subfield code="a">es</subfield><subfield code="2">rero</subfield></datafield><datafield ind1="1" ind2="4" tag="082"><subfield code="a">860</subfield><subfield code="2">15</subfield></datafield><datafield ind1="1" ind2=" " tag="100"><subfield code="a">Edwards, Jorge</subfield><subfield code="d">1931-2023</subfield><subfield code="0">(DE-588)119188783</subfield><subfield code="4">aut</subfield><subfield code="6">880-01</subfield></datafield><datafield ind1="1" ind2=" " tag="880"><subfield code="6">100-01</subfield><subfield code="a">Edwards, Jorge</subfield><subfield code="d">1931-2023</subfield><subfield code="0">(IDREF)026848589</subfield><subfield code="4">aut</subfield></datafield><datafield ind1="1" ind2="0" tag="245"><subfield code="a">Esclavos de la consigna</subfield><subfield code="c">Jorge Edwards</subfield></datafield><datafield ind1=" " ind2=" " tag="250"><subfield code="a">Primera edición</subfield></datafield><datafield ind1=" " ind2="1" tag="264"><subfield code="a">Barcelona</subfield><subfield code="b">Lumen</subfield><subfield code="c">octubre de 2018</subfield></datafield><datafield ind1=" " ind2=" " tag="300"><subfield code="a">294 Seiten</subfield></datafield><datafield ind1=" " ind2=" " tag="336"><subfield code="b">txt</subfield><subfield code="2">rdacontent</subfield></datafield><datafield ind1=" " ind2=" " tag="337"><subfield code="b">n</subfield><subfield code="2">rdamedia</subfield></datafield><datafield ind1=" " ind2=" " tag="338"><subfield code="b">nc</subfield><subfield code="2">rdacarrier</subfield></datafield><datafield ind1="1" ind2=" " tag="490"><subfield code="a">Memorias / Jorge Edwards</subfield><subfield code="v">2</subfield></datafield><datafield ind1="0" ind2=" " tag="490"><subfield code="a">Narrativa</subfield></datafield><datafield ind1="0" ind2=" " tag="490"><subfield code="a">Memorias y biografías</subfield></datafield><datafield ind1="1" ind2="7" tag="600"><subfield code="a">Edwards, Jorge</subfield><subfield code="d">1931-2023</subfield><subfield code="0">(DE-588)119188783</subfield><subfield code="2">gnd</subfield></datafield><datafield ind1="1" ind2="4" tag="600"><subfield code="a">Edwards, Jorge</subfield><subfield code="d">1931-</subfield></datafield><datafield ind1=" " ind2="7" tag="655"><subfield code="a">Autobiografie</subfield><subfield code="2">gnd-content</subfield></datafield><datafield ind1="1" ind2=" " tag="800"><subfield code="a">Edwards, Jorge</subfield><subfield code="d">1931-</subfield><subfield code="t">Memorias</subfield><subfield code="v">2</subfield><subfield code="w">(NEBIS)007609020EBI01</subfield></datafield><datafield ind1="4" ind2=" " tag="856"><subfield code="3">Titelblatt und Inhaltsverzeichnis</subfield><subfield code="u">https://toc.library.ethz.ch/objects/pdf03/z01_978-84-264-0569-2_01.pdf</subfield><subfield code="q">pdf</subfield></datafield><datafield ind1=" " ind2=" " tag="900"><subfield code="a">IDSZ2zbzmon201904f</subfield><subfield code="c">IDSZ2kalh</subfield><subfield code="d">IDSZ2zbzswk201904b</subfield><subfield code="e">IDSZ2kara</subfield></datafield><datafield ind1=" " ind2=" " tag="949"><subfield code="a">https://toc.library.ethz.ch/objects/pdf03/z01_978-84-264-0569-2_01.pdf</subfield></datafield><datafield ind1=" " ind2=" " tag="993"><subfield code="a">BFLA 288917</subfield><subfield code="x">ge/ules/a/18/613-9</subfield><subfield code="9">LOCAL</subfield></datafield></record>
</metadata></record>