<record><header><identifier>oai:alma.41SLSP_UGE:991000795349705502</identifier><datestamp>2024-11-09T01:14:36Z</datestamp><setSpec>uge_bcen_RapidILL_BOOK</setSpec><setSpec>uge_aaca_RapidILL_BOOK</setSpec><setSpec>uge_abels_RapidILL_BOOK</setSpec><setSpec>uge_dbu_RapidILL_BOOK</setSpec><setSpec>uge_cmu_RapidILL_BOOK</setSpec><setSpec>uge_mail_RapidILL_BOOK</setSpec><setSpec>uge_abbat_RapidILL_BOOK</setSpec><setSpec>UNIGE_ALL</setSpec><setSpec>uge_aobs_RapidILL_BOOK</setSpec><setSpec>uge_acar_RapidILL_BOOK</setSpec></header><metadata>
<record xmlns="http://www.loc.gov/MARC21/slim" xmlns:xsi="http://www.w3.org/2001/XMLSchema-instance" xsi:schemaLocation="http://www.loc.gov/MARC21/slim http://www.loc.gov/standards/marcxml/schema/MARC21slim.xsd"><leader>03024nam a2200745 c 4500</leader><controlfield tag="001">991000795349705502</controlfield><controlfield tag="005">20240404162907.0</controlfield><controlfield tag="008">201011s2020    xxk|||||      10| ||eng d</controlfield><datafield ind1=" " ind2=" " tag="010"><subfield code="a">2020014779</subfield></datafield><datafield ind1=" " ind2=" " tag="020"><subfield code="a">9781108835138</subfield><subfield code="q">hardback</subfield></datafield><datafield ind1=" " ind2=" " tag="020"><subfield code="a">9781108799737</subfield><subfield code="q">paperback</subfield></datafield><datafield ind1=" " ind2=" " tag="020"><subfield code="a">1108799736</subfield></datafield><datafield ind1=" " ind2=" " tag="035"><subfield code="a">(swissbib)227453336-41slsp_network</subfield></datafield><datafield ind1=" " ind2=" " tag="035"><subfield code="a">227453336</subfield><subfield code="9">ExL</subfield></datafield><datafield ind1=" " ind2=" " tag="035"><subfield code="a">(RERO)R009021629-41slsp</subfield></datafield><datafield ind1=" " ind2=" " tag="035"><subfield code="a">(NEBIS)011597812EBI01</subfield></datafield><datafield ind1=" " ind2=" " tag="035"><subfield code="a">(IDSBB)007228866DSV01</subfield></datafield><datafield ind1=" " ind2=" " tag="035"><subfield code="a">(OCoLC)1152406245</subfield></datafield><datafield ind1=" " ind2=" " tag="035"><subfield code="a">(EXLNZ-41SLSP_NETWORK)991135039249705501</subfield></datafield><datafield ind1=" " ind2=" " tag="040"><subfield code="a">RERO geulhg</subfield><subfield code="b">ger</subfield><subfield code="e">rda</subfield><subfield code="d">CH-ZuSLS</subfield></datafield><datafield ind1="0" ind2=" " tag="041"><subfield code="a">eng</subfield></datafield><datafield ind1=" " ind2=" " tag="042"><subfield code="a">pcc</subfield></datafield><datafield ind1="0" ind2="0" tag="050"><subfield code="a">HV640</subfield><subfield code="b">.R377 2020</subfield></datafield><datafield ind1=" " ind2="7" tag="072"><subfield code="a">160</subfield><subfield code="2">IDS LU</subfield></datafield><datafield ind1=" " ind2="7" tag="072"><subfield code="a">140</subfield><subfield code="2">IDS LU</subfield></datafield><datafield ind1=" " ind2="7" tag="072"><subfield code="a">ht</subfield><subfield code="2">rero</subfield></datafield><datafield ind1=" " ind2="7" tag="072"><subfield code="a">sp</subfield><subfield code="2">rero</subfield></datafield><datafield ind1="7" ind2="4" tag="082"><subfield code="a">300</subfield><subfield code="2">23sdnb</subfield></datafield><datafield ind1="7" ind2="4" tag="082"><subfield code="a">900</subfield><subfield code="2">23sdnb</subfield></datafield><datafield ind1="0" ind2="0" tag="082"><subfield code="a">362.8709/045</subfield><subfield code="2">23</subfield></datafield><datafield ind1="7" ind2="4" tag="082"><subfield code="a">360</subfield><subfield code="2">23sdnb</subfield></datafield><datafield ind1="7" ind2="4" tag="082"><subfield code="a">340</subfield><subfield code="2">23sdnb</subfield></datafield><datafield ind1=" " ind2=" " tag="084"><subfield code="a">A 37.0 g</subfield><subfield code="2">cjurrom</subfield></datafield><datafield ind1=" " ind2=" " tag="084"><subfield code="a">MS 3600</subfield><subfield code="2">rvk</subfield></datafield><datafield ind1=" " ind2=" " tag="084"><subfield code="a">NQ 5830</subfield><subfield code="2">rvk</subfield></datafield><datafield ind1="0" ind2="0" tag="245"><subfield code="a">Refugee crises, 1945-2000</subfield><subfield code="b">political and societal responses in international comparison</subfield><subfield code="c">edited by Jan C. Jansen (University of Duisburg-Essen), Simone Lässig (German Historical Institute, Washington, DC)</subfield></datafield><datafield ind1=" " ind2="1" tag="264"><subfield code="a">Cambridge, United Kingdom</subfield><subfield code="b">Cambridge University Press</subfield><subfield code="c">2020</subfield></datafield><datafield ind1=" " ind2=" " tag="300"><subfield code="a">x, 310 Seiten</subfield></datafield><datafield ind1=" " ind2=" " tag="336"><subfield code="b">txt</subfield><subfield code="2">rdacontent</subfield></datafield><datafield ind1=" " ind2=" " tag="337"><subfield code="b">n</subfield><subfield code="2">rdamedia</subfield></datafield><datafield ind1=" " ind2=" " tag="338"><subfield code="b">nc</subfield><subfield code="2">rdacarrier</subfield></datafield><datafield ind1="1" ind2=" " tag="490"><subfield code="a">Publications of the German Historical Institute</subfield></datafield><datafield ind1=" " ind2="7" tag="650"><subfield code="a">Flüchtling</subfield><subfield code="2">gnd</subfield><subfield code="0">(DE-588)4017604-6</subfield></datafield><datafield ind1=" " ind2="7" tag="650"><subfield code="a">Flüchtlingspolitik</subfield><subfield code="2">gnd</subfield><subfield code="0">(DE-588)4154680-5</subfield></datafield><datafield ind1=" " ind2="7" tag="650"><subfield code="a">Migration</subfield><subfield code="2">gnd</subfield><subfield code="0">(DE-588)4120730-0</subfield></datafield><datafield ind1=" " ind2="7" tag="655"><subfield code="a">Aufsatzsammlung</subfield><subfield code="2">gnd-content</subfield></datafield><datafield ind1=" " ind2="7" tag="648"><subfield code="a">Geschichte 1945-2000</subfield><subfield code="2">gnd</subfield></datafield><datafield ind1=" " ind2="7" tag="650"><subfield code="a">Réfugiés</subfield><subfield code="0">(IDREF)027323145</subfield><subfield code="2">idref</subfield></datafield><datafield ind1=" " ind2="7" tag="650"><subfield code="a">Politique et gouvernement</subfield><subfield code="0">(IDREF)027728110</subfield><subfield code="2">idref</subfield></datafield><datafield ind1=" " ind2="7" tag="650"><subfield code="a">20e siècle (1re moitié)-21e siècle (début)</subfield><subfield code="0">(RERO)A027041263</subfield><subfield code="2">rero</subfield></datafield><datafield ind1=" " ind2="0" tag="650"><subfield code="a">Refugees</subfield><subfield code="x">Government policy</subfield><subfield code="x">History</subfield><subfield code="y">20th century</subfield></datafield><datafield ind1=" " ind2="0" tag="650"><subfield code="a">Refugees</subfield><subfield code="x">International cooperation</subfield><subfield code="x">History</subfield><subfield code="y">20th century</subfield></datafield><datafield ind1=" " ind2="0" tag="650"><subfield code="a">Emigration and immigration</subfield><subfield code="x">Political aspects</subfield><subfield code="x">History</subfield><subfield code="y">20th century</subfield></datafield><datafield ind1="1" ind2=" " tag="700"><subfield code="6">880-01</subfield><subfield code="a">Jansen, Jan C.</subfield><subfield code="c">sociologue</subfield><subfield code="d">19..-....</subfield><subfield code="0">(IDREF)166938106</subfield><subfield code="4">edt</subfield></datafield><datafield ind1="1" ind2=" " tag="880"><subfield code="a">Jansen, Jan C.</subfield><subfield code="d">1980-</subfield><subfield code="6">700-01/(B</subfield><subfield code="4">edt</subfield><subfield code="0">(DE-588)102556815X</subfield><subfield code="4">edt</subfield></datafield><datafield ind1="1" ind2=" " tag="700"><subfield code="6">880-02</subfield><subfield code="a">Lässig, Simone</subfield><subfield code="d">1964-....</subfield><subfield code="0">(IDREF)08396116X</subfield><subfield code="4">edt</subfield></datafield><datafield ind1="1" ind2=" " tag="880"><subfield code="a">Lässig, Simone</subfield><subfield code="d">1964-</subfield><subfield code="6">700-02/(B</subfield><subfield code="4">edt</subfield><subfield code="0">(DE-588)11259154X</subfield></datafield><datafield ind1="0" ind2="8" tag="776"><subfield code="i">Erscheint auch als</subfield><subfield code="n">Online-Ressource (epub)</subfield><subfield code="z">9781108891745</subfield></datafield><datafield ind1="0" ind2="8" tag="776"><subfield code="i">Erscheint auch als Online-Ausgabe</subfield><subfield code="t">Refugee crises, 1945-2000</subfield><subfield code="z">9781108880466</subfield></datafield><datafield ind1="4" ind2="2" tag="856"><subfield code="3">Titelblatt und Inhaltsverzeichnis</subfield><subfield code="q">PDF</subfield><subfield code="u">https://urn.ub.unibe.ch/urn:ch:slsp:1108799736:ihv:pdf</subfield></datafield><datafield ind1=" " ind2=" " tag="900"><subfield code="a">REROnoselfmerge</subfield></datafield><datafield ind1=" " ind2=" " tag="900"><subfield code="a">OK_GND</subfield><subfield code="x">UZB/Z01/202107/baie</subfield></datafield><datafield ind1=" " ind2=" " tag="900"><subfield code="a">Stoppsignal FRED</subfield><subfield code="x">UZB/Z01/202107</subfield></datafield><datafield ind1=" " ind2=" " tag="900"><subfield code="a">Stoppsignal FRED</subfield><subfield code="x">RZS/LUUHL/202111</subfield></datafield><datafield ind1=" " ind2=" " tag="900"><subfield code="a">OK_GND</subfield><subfield code="x">RZS/LUUHL/202111/ecwa</subfield></datafield><datafield ind1=" " ind2=" " tag="949"><subfield code="a">https://urn.ub.unibe.ch/urn:ch:slsp:1108799736:ihv:pdf</subfield></datafield></record>
</metadata></record>