<record><header><identifier>oai:alma.41SLSP_UGE:991000795869705502</identifier><datestamp>2024-03-09T01:22:14Z</datestamp><setSpec>uge_bcen_RapidILL_BOOK</setSpec><setSpec>uge_aaca_RapidILL_BOOK</setSpec><setSpec>uge_abels_RapidILL_BOOK</setSpec><setSpec>uge_dbu_RapidILL_BOOK</setSpec><setSpec>uge_cmu_RapidILL_BOOK</setSpec><setSpec>uge_mail_RapidILL_BOOK</setSpec><setSpec>uge_abbat_RapidILL_BOOK</setSpec><setSpec>UNIGE_ALL</setSpec><setSpec>uge_aobs_RapidILL_BOOK</setSpec><setSpec>uge_acar_RapidILL_BOOK</setSpec></header><metadata>
<record xmlns="http://www.loc.gov/MARC21/slim" xmlns:xsi="http://www.w3.org/2001/XMLSchema-instance" xsi:schemaLocation="http://www.loc.gov/MARC21/slim http://www.loc.gov/standards/marcxml/schema/MARC21slim.xsd"><leader>01818nam a2200481 c 4500</leader><controlfield tag="001">991000795869705502</controlfield><controlfield tag="005">20240308232827.0</controlfield><controlfield tag="008">201012s1928    sz ||||| |||| 00| ||fre d</controlfield><datafield ind1=" " ind2=" " tag="019"><subfield code="a">SPI Retro 10448</subfield></datafield><datafield ind1=" " ind2=" " tag="020"><subfield code="c">Fr. 3.-.</subfield></datafield><datafield ind1=" " ind2=" " tag="035"><subfield code="a">(swissbib)236303740-41slsp_network</subfield></datafield><datafield ind1=" " ind2=" " tag="035"><subfield code="a">236303740</subfield><subfield code="9">ExL</subfield></datafield><datafield ind1=" " ind2=" " tag="035"><subfield code="a">(RERO)0173807-41slsp</subfield></datafield><datafield ind1=" " ind2=" " tag="035"><subfield code="a">(NEBIS)002151069EBI01</subfield></datafield><datafield ind1=" " ind2=" " tag="035"><subfield code="a">(IDSBB)004015429DSV01</subfield></datafield><datafield ind1=" " ind2=" " tag="035"><subfield code="a">(IDSLU)000681917ILU01</subfield></datafield><datafield ind1=" " ind2=" " tag="035"><subfield code="a">(ABN)000329072ABN01</subfield></datafield><datafield ind1=" " ind2=" " tag="035"><subfield code="a">(EXLNZ-41SLSP_NETWORK)991026254659705501</subfield></datafield><datafield ind1=" " ind2=" " tag="040"><subfield code="a">RERO</subfield><subfield code="d">CH-ZuSLS</subfield></datafield><datafield ind1=" " ind2=" " tag="044"><subfield code="a">sz</subfield><subfield code="c">ch-vd</subfield></datafield><datafield ind1=" " ind2="7" tag="072"><subfield code="a">ba</subfield><subfield code="2">rero</subfield></datafield><datafield ind1="1" ind2=" " tag="100"><subfield code="a">Agassiz, Daisy</subfield><subfield code="0">(RERO)A002910704</subfield><subfield code="4">cre</subfield></datafield><datafield ind1="1" ind2="0" tag="245"><subfield code="a">Benjamin Bolomey</subfield><subfield code="b">1739-1819 : peintre du Stadhouder Guillaume V d'Orange : étude biographique</subfield><subfield code="c">par D. Agassiz</subfield></datafield><datafield ind1=" " ind2="1" tag="264"><subfield code="a">Lausanne</subfield><subfield code="b">Spes</subfield><subfield code="c">1928</subfield></datafield><datafield ind1=" " ind2=" " tag="300"><subfield code="a">44 S.</subfield><subfield code="b">avec 17 planches hors texte</subfield><subfield code="c">8'</subfield></datafield><datafield ind1=" " ind2=" " tag="336"><subfield code="b">txt</subfield><subfield code="2">rdacontent</subfield></datafield><datafield ind1=" " ind2=" " tag="337"><subfield code="b">n</subfield><subfield code="2">rdamedia</subfield></datafield><datafield ind1=" " ind2=" " tag="338"><subfield code="b">nc</subfield><subfield code="2">rdacarrier</subfield></datafield><datafield ind1="0" ind2=" " tag="490"><subfield code="a">Les Peintres vaudois au 18e siècle</subfield></datafield><datafield ind1=" " ind2=" " tag="500"><subfield code="a">En-tête: Les peintres vaudois au XVIIIe siècle</subfield></datafield><datafield ind1=" " ind2=" " tag="500"><subfield code="a">La page de couv. porte: Société vaudoise des beaux-arts</subfield></datafield><datafield ind1=" " ind2=" " tag="500"><subfield code="a">Kopftitel: Les peintres vaudois au 18e siècle</subfield></datafield><datafield ind1=" " ind2=" " tag="500"><subfield code="a">Sonderdruck aus: &quot;Revue Historique Vaudoise&quot;, 1928</subfield></datafield><datafield ind1=" " ind2=" " tag="580"><subfield code="a">Tiré à part de: Revue historique vaudoise. - Lausanne. - 1928</subfield></datafield><datafield ind1="1" ind2="7" tag="600"><subfield code="a">Bolomey, Benjamin Samuel</subfield><subfield code="d">1739-1819</subfield><subfield code="0">(IDREF)083907203</subfield><subfield code="2">idref</subfield></datafield><datafield ind1="1" ind2="7" tag="600"><subfield code="a">Bolomey, Benjamin Samuel</subfield><subfield code="d">1739-1819</subfield><subfield code="0">(DE-588)123852889</subfield><subfield code="2">gnd</subfield></datafield><datafield ind1=" " ind2=" " tag="690"><subfield code="a">Bolomey, Benjamin-Samuel</subfield><subfield code="2">uzb-Z9</subfield></datafield><datafield ind1=" " ind2=" " tag="690"><subfield code="a">Bolomey, Benjamin</subfield><subfield code="2">ubs-A5</subfield></datafield><datafield ind1=" " ind2=" " tag="690"><subfield code="a">Bolomey, Benjamin, B: Biographie</subfield><subfield code="2">rzs-L1</subfield></datafield><datafield ind1="2" ind2=" " tag="710"><subfield code="a">Société vaudoise des beaux-arts</subfield><subfield code="0">(RERO)A003846346</subfield></datafield><datafield ind1=" " ind2=" " tag="900"><subfield code="a">REROnoselfmerge</subfield></datafield><datafield ind1=" " ind2=" " tag="900"><subfield code="a">IDSERSPIdummy</subfield></datafield><datafield ind1=" " ind2=" " tag="900"><subfield code="f">IDSU2medea</subfield></datafield></record>
</metadata></record>