<record><header><identifier>oai:alma.41SLSP_UGE:991000795539705502</identifier><datestamp>2023-07-03T00:41:51Z</datestamp><setSpec>uge_bcen_RapidILL_BOOK</setSpec><setSpec>uge_aaca_RapidILL_BOOK</setSpec><setSpec>uge_abels_RapidILL_BOOK</setSpec><setSpec>uge_dbu_RapidILL_BOOK</setSpec><setSpec>uge_cmu_RapidILL_BOOK</setSpec><setSpec>uge_mail_RapidILL_BOOK</setSpec><setSpec>uge_abbat_RapidILL_BOOK</setSpec><setSpec>UNIGE_ALL</setSpec><setSpec>uge_aobs_RapidILL_BOOK</setSpec><setSpec>uge_acar_RapidILL_BOOK</setSpec></header><metadata>
<record xmlns="http://www.loc.gov/MARC21/slim" xmlns:xsi="http://www.w3.org/2001/XMLSchema-instance" xsi:schemaLocation="http://www.loc.gov/MARC21/slim http://www.loc.gov/standards/marcxml/schema/MARC21slim.xsd"><leader>05825nam a2200769 c 4500</leader><controlfield tag="001">991000795539705502</controlfield><controlfield tag="005">20230702072724.0</controlfield><controlfield tag="008">201011s2007    xxu      |||| 000 0 eng|d</controlfield><datafield ind1=" " ind2=" " tag="010"><subfield code="a">2006024380</subfield></datafield><datafield ind1=" " ind2=" " tag="015"><subfield code="a">GBA689860</subfield><subfield code="2">bnb</subfield></datafield><datafield ind1=" " ind2=" " tag="020"><subfield code="a">0521825652</subfield><subfield code="q">hbk.</subfield><subfield code="c">£50.00</subfield></datafield><datafield ind1=" " ind2=" " tag="020"><subfield code="a">0521532728</subfield><subfield code="q">pbk.</subfield><subfield code="c">£26.00</subfield></datafield><datafield ind1=" " ind2=" " tag="020"><subfield code="a">9780521825658</subfield><subfield code="q">hbk.</subfield><subfield code="c">£50.00</subfield></datafield><datafield ind1=" " ind2=" " tag="020"><subfield code="a">9780521532723</subfield><subfield code="q">pbk.</subfield><subfield code="c">£26.00</subfield></datafield><datafield ind1=" " ind2=" " tag="035"><subfield code="a">(swissbib)227029658-41slsp_network</subfield></datafield><datafield ind1=" " ind2=" " tag="035"><subfield code="a">227029658</subfield><subfield code="9">ExL</subfield></datafield><datafield ind1=" " ind2=" " tag="035"><subfield code="a">(NEBIS)005289574EBI01</subfield></datafield><datafield ind1=" " ind2=" " tag="035"><subfield code="a">(RERO)R004369049-41slsp</subfield></datafield><datafield ind1=" " ind2=" " tag="035"><subfield code="a">(IDSBB)004095207DSV01</subfield></datafield><datafield ind1=" " ind2=" " tag="035"><subfield code="a">(IDSSG)000435909HSB01</subfield></datafield><datafield ind1=" " ind2=" " tag="035"><subfield code="a">(EXLNZ-41SLSP_NETWORK)991128934749705501</subfield></datafield><datafield ind1=" " ind2=" " tag="040"><subfield code="a">StDuBDS</subfield><subfield code="d">CH-ZuSLS</subfield></datafield><datafield ind1=" " ind2=" " tag="050"><subfield code="a">QA614.835</subfield><subfield code="b">.B53 2007</subfield></datafield><datafield ind1=" " ind2="7" tag="072"><subfield code="a">ma</subfield><subfield code="2">rero</subfield></datafield><datafield ind1=" " ind2="7" tag="072"><subfield code="a">mt</subfield><subfield code="2">SzZuIDS BS/BE</subfield></datafield><datafield ind1="0" ind2="4" tag="082"><subfield code="a">515 .39</subfield><subfield code="2">22</subfield></datafield><datafield ind1="0" ind2="4" tag="082"><subfield code="a">515.39</subfield><subfield code="2">22</subfield></datafield><datafield ind1="0" ind2="4" tag="082"><subfield code="a">515.352</subfield></datafield><datafield ind1="1" ind2="4" tag="082"><subfield code="a">003.85024339</subfield><subfield code="2">21</subfield></datafield><datafield ind1="1" ind2="4" tag="082"><subfield code="a">510</subfield><subfield code="2">15</subfield></datafield><datafield ind1=" " ind2=" " tag="084"><subfield code="a">37</subfield><subfield code="2">msc</subfield></datafield><datafield ind1=" " ind2=" " tag="084"><subfield code="a">QC 040</subfield><subfield code="2">rvk</subfield></datafield><datafield ind1=" " ind2=" " tag="084"><subfield code="a">QH 440</subfield><subfield code="2">rvk</subfield></datafield><datafield ind1="1" ind2=" " tag="100"><subfield code="a">Bhattacharya, Rabindra N.</subfield><subfield code="d">1937-</subfield><subfield code="0">(DE-588)120600188</subfield></datafield><datafield ind1="1" ind2="0" tag="245"><subfield code="a">Random dynamical systems</subfield><subfield code="b">theory and applications</subfield><subfield code="c">Rabi Bhattacharya, Mukul Majumdar</subfield></datafield><datafield ind1=" " ind2="1" tag="264"><subfield code="a">Cambridge</subfield><subfield code="b">Cambridge University Press</subfield><subfield code="c">2007</subfield></datafield><datafield ind1=" " ind2=" " tag="300"><subfield code="a">463 p.</subfield><subfield code="b">ill.</subfield></datafield><datafield ind1=" " ind2=" " tag="336"><subfield code="b">txt</subfield><subfield code="2">rdacontent</subfield></datafield><datafield ind1=" " ind2=" " tag="337"><subfield code="b">n</subfield><subfield code="2">rdamedia</subfield></datafield><datafield ind1=" " ind2=" " tag="338"><subfield code="b">nc</subfield><subfield code="2">rdacarrier</subfield></datafield><datafield ind1=" " ind2=" " tag="504"><subfield code="a">Includes bibliographical references and index</subfield></datafield><datafield ind1=" " ind2="7" tag="650"><subfield code="a">Dynamisches System</subfield><subfield code="2">idszbz</subfield></datafield><datafield ind1=" " ind2="7" tag="650"><subfield code="a">Stochastischer Prozess</subfield><subfield code="2">idszbz</subfield></datafield><datafield ind1=" " ind2="7" tag="650"><subfield code="a">Dynamisches System</subfield><subfield code="0">(DE-588)4013396-5</subfield><subfield code="2">gnd</subfield></datafield><datafield ind1=" " ind2="7" tag="650"><subfield code="a">Stochastische Differentialgleichung</subfield><subfield code="0">(DE-588)4057621-8</subfield><subfield code="2">gnd</subfield></datafield><datafield ind1=" " ind2="7" tag="650"><subfield code="a">DISKRETE DYNAMISCHE SYSTEME (ANALYSIS)</subfield><subfield code="9">ger</subfield><subfield code="0">(ETHUDK)000048648</subfield><subfield code="2">ethudk</subfield></datafield><datafield ind1=" " ind2="7" tag="650"><subfield code="a">STOCHASTISCHE DYNAMISCHE SYSTEME (ANALYSIS)</subfield><subfield code="9">ger</subfield><subfield code="0">(ETHUDK)000046626</subfield><subfield code="2">ethudk</subfield></datafield><datafield ind1=" " ind2="0" tag="650"><subfield code="a">Random dynamical systems</subfield></datafield><datafield ind1=" " ind2="7" tag="650"><subfield code="a">Dynamisches System</subfield><subfield code="x">Stochastischer Prozess</subfield><subfield code="2">idsbb</subfield></datafield><datafield ind1=" " ind2="7" tag="650"><subfield code="a">Stochastischer Prozess</subfield><subfield code="x">Dynamisches System</subfield><subfield code="2">idsbb</subfield></datafield><datafield ind1=" " ind2="7" tag="650"><subfield code="a">Dynamische Modellierung</subfield><subfield code="0">(DE-588)4139122-6</subfield><subfield code="2">gnd</subfield></datafield><datafield ind1=" " ind2="7" tag="650"><subfield code="a">Makroökonomie</subfield><subfield code="0">(DE-588)4037174-8</subfield><subfield code="2">gnd</subfield></datafield><datafield ind1=" " ind2=" " tag="690"><subfield code="a">Markov-Prozess; stochastischer Prozess; Detail; Space; Wirtschaftswachstum; Fortsetzung; Konvergenz; Chaos; Unsicherheit; dynamische Programmierung; Konstruktion; Verteilung; Satz; Staat; Gesetz; Theorem; Theorie; Auswahl; Berechnung; Differenzengleichung; Evolution; Funktionalgleichung; Gewinnverwendung; Innovation; Iterationsverfahren; Notation; Ordnung; Unterstützung; Überleben; Domar; Dynamik; Kompaktheit; Konsistenz; Statik; Umlaufbahn; Wahrscheinlichkeit; Zyklus; stationärer Zustand; Algorithmus; Argument; Distribution; Generalisierung; Schätzung; Bewegung; Bifurkation; Grenzwert; Index; Lemma; Markov-Kette; Schwellenwert</subfield><subfield code="2">idssg-J</subfield></datafield><datafield ind1=" " ind2=" " tag="690"><subfield code="a">Bernoulliinnovation; Nichtnegativitätsbedingung; Sonderkonstruktion; Bewegungsgesetz; Bifurkationstheorie; Grenzwertsatz; Produktspace; Zählnummer; Aktionsraum; Literaturverzeichnis; Optimaleingang; Semimarkovmodell; Unterraum</subfield><subfield code="2">idssg-J</subfield></datafield><datafield ind1=" " ind2=" " tag="690"><subfield code="a">ermäßigte Programmierung; fester Punkt; stabiler Orbit; zufälliges System; alternativer Ansatz; asymptotische Stationarität; ausgewogenes Wachstum; autoregressiver Lar; autoregressiver Prozess; dynamisches Spiel; dynamisches System; einziger Entscheider; ergänzende Übung; erste Ordnung; finit State; große Zahl; grundlegende Definition; hinreichende Bedingung; intertemporal Equilibrium; intertemporale Optimierung; kompakte Bauweise; kontinuierliche Korrespondenz; kritischer Bestand; lineare Differenzengleichung; maximaler Satz; messbare Auswahl; messbarer Staat; metrisches Space; monoton Maps; optimaler Prozess; optimales Wachstum; periodischer Orbit; periodischer Punkt; positiv Recurrence; positiver Steady State; starker Markow; starkes Gesetz; unendliches Produkt; unveränderliche Distribution; unveränderliche Verteilung; vergleichende Dynamik; vergleichende Statik; zentraler Grenzwert; zentraler Grenzwertsatz; zufällig Dynamical; zufällig Iterations; zufälliger Kettenbruch; zunehmendes Bewegungsgesetz; zustandsabhängige Aktion</subfield><subfield code="2">idssg-J</subfield></datafield><datafield ind1=" " ind2=" " tag="690"><subfield code="a">Arizona C1USA; Großbritannien C4EUUK</subfield><subfield code="2">idssg-J</subfield></datafield><datafield ind1=" " ind2=" " tag="690"><subfield code="a">Anwendung RABIBHATTACHARYA University of Arizona Mukul Majumdar Cornell Universität; Anwendung Zufällige Dynamical Systems; autoregressiv Prozesse Nlar; Borel Cantelli Lemma; Douglas Economies; Döblin Minorization; ermäßigt Dynamische Programmierung; finit State Spaces; Fortsetzung Fraktionen Euclid Algorithmus; Gauß; grundlegend Definitionen Feste; Harris Recurrent Markov Prozesse; Komplexität Alternative Ansätze; Lipschitz Maps; Markow Chain; messbar Staats Spaces; Metric Spaces Trennbarkeit Vollständigkeits; Mukul Majumdar Cornell Universität; Quadratic Maps; RABIBHATTACHARYA University of; Random Dynamical Systems; Random Fortsetzung Fraktionen; Steady State State Ausschüttungen MarkovKetten; unveränderlich Distributionen Schätzung; zufällig Dynamical Systems; zufällig Dynamical Systems Sonderkonstruktionen</subfield><subfield code="2">idssg-J</subfield></datafield><datafield ind1="1" ind2=" " tag="700"><subfield code="a">Bhattacharya, Rabindra Nath</subfield><subfield code="d">1937-....</subfield><subfield code="0">(IDREF)031857205</subfield><subfield code="4">cre</subfield></datafield><datafield ind1="1" ind2=" " tag="700"><subfield code="a">Bhattacharya, R. N.</subfield><subfield code="q">Rabindra Nath</subfield></datafield><datafield ind1="1" ind2=" " tag="700"><subfield code="a">Majumdar, Mukul</subfield><subfield code="d">1944-</subfield><subfield code="0">(DE-588)121897036</subfield><subfield code="4">aut</subfield><subfield code="6">880-02</subfield></datafield><datafield ind1="1" ind2=" " tag="880"><subfield code="6">700-02</subfield><subfield code="a">Majumdar, Mukul</subfield><subfield code="d">1944-....</subfield><subfield code="0">(IDREF)03166086X</subfield></datafield><datafield ind1="4" ind2=" " tag="856"><subfield code="u">https://tools.unisg.ch/url/hm00200306</subfield><subfield code="z">Inhaltsverzeichnis</subfield></datafield><datafield ind1="4" ind2=" " tag="856"><subfield code="3">Abstract / Autoreninformation</subfield><subfield code="u">https://toc.library.ethz.ch/objects/pdf/000172700_e01_9780521532723_02.pdf</subfield><subfield code="q">pdf</subfield></datafield><datafield ind1=" " ind2=" " tag="900"><subfield code="a">IDSZ2zbzmon200704f</subfield><subfield code="c">IDSZ2staub</subfield><subfield code="d">IDSZ2zbzswk200705b</subfield><subfield code="e">IDSZ2tschu</subfield></datafield><datafield ind1=" " ind2=" " tag="911"><subfield code="a">100</subfield><subfield code="a">Bhattacharya, R. N</subfield><subfield code="q">Rabindra Nath</subfield><subfield code="d">1937-</subfield></datafield><datafield ind1=" " ind2=" " tag="911"><subfield code="a">700</subfield><subfield code="a">Majumdar, Mukul</subfield><subfield code="d">1944-</subfield></datafield><datafield ind1=" " ind2=" " tag="949"><subfield code="a">https://toc.library.ethz.ch/objects/pdf/000172700_e01_9780521532723_02.pdf</subfield></datafield><datafield ind1=" " ind2=" " tag="949"><subfield code="a">https://tools.unisg.ch/url/hm00200306</subfield></datafield></record>
</metadata></record>