<record><header><identifier>oai:alma.41SLSP_UGE:991000796059705502</identifier><datestamp>2023-03-01T01:09:49Z</datestamp><setSpec>uge_bcen_RapidILL_BOOK</setSpec><setSpec>uge_aaca_RapidILL_BOOK</setSpec><setSpec>uge_abels_RapidILL_BOOK</setSpec><setSpec>uge_dbu_RapidILL_BOOK</setSpec><setSpec>uge_cmu_RapidILL_BOOK</setSpec><setSpec>uge_mail_RapidILL_BOOK</setSpec><setSpec>UNIGE_ALL</setSpec><setSpec>uge_abbat_RapidILL_BOOK</setSpec><setSpec>uge_aobs_RapidILL_BOOK</setSpec><setSpec>uge_acar_RapidILL_BOOK</setSpec></header><metadata>
<record xmlns="http://www.loc.gov/MARC21/slim" xmlns:xsi="http://www.w3.org/2001/XMLSchema-instance" xsi:schemaLocation="http://www.loc.gov/MARC21/slim http://www.loc.gov/standards/marcxml/schema/MARC21slim.xsd"><leader>01291nam a2200337 c 4500</leader><controlfield tag="001">991000796059705502</controlfield><controlfield tag="005">20230217224504.0</controlfield><controlfield tag="008">950607s1992    sp ||||| |||| 00| ||spa d</controlfield><datafield ind1=" " ind2=" " tag="020"><subfield code="a">8477748527</subfield></datafield><datafield ind1=" " ind2=" " tag="035"><subfield code="a">(swissbib)090030923-41slsp_network</subfield></datafield><datafield ind1=" " ind2=" " tag="035"><subfield code="a">090030923</subfield><subfield code="9">ExL</subfield></datafield><datafield ind1=" " ind2=" " tag="035"><subfield code="a">(RERO)2031422-41slsp</subfield></datafield><datafield ind1=" " ind2=" " tag="035"><subfield code="a">(EXLNZ-41SLSP_NETWORK)991137057749705501</subfield></datafield><datafield ind1=" " ind2=" " tag="040"><subfield code="a">RERO geules</subfield><subfield code="d">CH-ZuSLS</subfield></datafield><datafield ind1="1" ind2=" " tag="041"><subfield code="a">spa</subfield><subfield code="h">eng</subfield></datafield><datafield ind1=" " ind2="7" tag="072"><subfield code="a">lg</subfield><subfield code="2">rero</subfield></datafield><datafield ind1="1" ind2=" " tag="100"><subfield code="a">Chomsky, Noam</subfield><subfield code="c">linguiste</subfield><subfield code="d">1928-.....</subfield><subfield code="0">(IDREF)026787865</subfield><subfield code="4">cre</subfield></datafield><datafield ind1="1" ind2="0" tag="245"><subfield code="a">&lt;&lt;El&gt;&gt; lenguaje y los problemas del conocimiento</subfield><subfield code="b">conferencias de Managua 1</subfield><subfield code="c">Noam Chomsky ; [trad. de Claribel Alegría y D.J. Flakoll] ; [revisión técnica y trad. del coloquio de Azucena Palacios Alcaine]</subfield></datafield><datafield ind1=" " ind2=" " tag="250"><subfield code="a">[2a ed.]</subfield></datafield><datafield ind1=" " ind2="1" tag="264"><subfield code="a">Madrid</subfield><subfield code="b">Visor</subfield><subfield code="c">1992</subfield></datafield><datafield ind1=" " ind2=" " tag="300"><subfield code="a">160 p.</subfield><subfield code="c">22 cm</subfield></datafield><datafield ind1=" " ind2=" " tag="336"><subfield code="b">txt</subfield><subfield code="2">rdacontent</subfield></datafield><datafield ind1=" " ind2=" " tag="337"><subfield code="b">n</subfield><subfield code="2">rdamedia</subfield></datafield><datafield ind1=" " ind2=" " tag="338"><subfield code="b">nc</subfield><subfield code="2">rdacarrier</subfield></datafield><datafield ind1="1" ind2=" " tag="490"><subfield code="a">Visor Lingüística y conocimiento</subfield><subfield code="v">2</subfield></datafield><datafield ind1=" " ind2="7" tag="650"><subfield code="a">Langage</subfield><subfield code="0">(IDREF)028625714</subfield><subfield code="2">idref</subfield></datafield><datafield ind1=" " ind2="7" tag="650"><subfield code="a">Psycholinguistique</subfield><subfield code="0">(IDREF)027341534</subfield><subfield code="2">idref</subfield></datafield><datafield ind1=" " ind2="7" tag="650"><subfield code="a">Cognition</subfield><subfield code="0">(IDREF)027223493</subfield><subfield code="2">idref</subfield></datafield><datafield ind1="1" ind2=" " tag="700"><subfield code="a">Alegría, Claribel</subfield><subfield code="d">1924-2018</subfield><subfield code="0">(IDREF)026681145</subfield></datafield><datafield ind1="1" ind2=" " tag="700"><subfield code="a">Palacios Alcaine, Azucena</subfield><subfield code="0">(IDREF)031414184</subfield></datafield><datafield ind1=" " ind2="0" tag="830"><subfield code="a">Visor lingüística y conocimiento</subfield><subfield code="v">2</subfield></datafield><datafield ind1=" " ind2=" " tag="900"><subfield code="a">REROnoselfmerge</subfield></datafield><datafield ind1=" " ind2=" " tag="993"><subfield code="a">BFLA 88500</subfield><subfield code="x">ge/ules/a/95/176</subfield><subfield code="9">LOCAL</subfield></datafield></record>
</metadata></record>