<record><header><identifier>oai:alma.41SLSP_UGE:991000795339705502</identifier><datestamp>2023-07-22T00:18:44Z</datestamp><setSpec>uge_bcen_RapidILL_BOOK</setSpec><setSpec>uge_aaca_RapidILL_BOOK</setSpec><setSpec>uge_abels_RapidILL_BOOK</setSpec><setSpec>uge_dbu_RapidILL_BOOK</setSpec><setSpec>uge_cmu_RapidILL_BOOK</setSpec><setSpec>uge_mail_RapidILL_BOOK</setSpec><setSpec>uge_abbat_RapidILL_BOOK</setSpec><setSpec>UNIGE_ALL</setSpec><setSpec>uge_acar_RapidILL_BOOK</setSpec><setSpec>uge_aobs_RapidILL_BOOK</setSpec></header><metadata>
<record xmlns="http://www.loc.gov/MARC21/slim" xmlns:xsi="http://www.w3.org/2001/XMLSchema-instance" xsi:schemaLocation="http://www.loc.gov/MARC21/slim http://www.loc.gov/standards/marcxml/schema/MARC21slim.xsd"><leader>01266nam a2200373 c 4500</leader><controlfield tag="001">991000795339705502</controlfield><controlfield tag="005">20230721111747.0</controlfield><controlfield tag="008">201011s1939    xxu||||| |||| 00| ||eng d</controlfield><datafield ind1=" " ind2=" " tag="035"><subfield code="a">(swissbib)217005691-41slsp_network</subfield></datafield><datafield ind1=" " ind2=" " tag="035"><subfield code="a">217005691</subfield><subfield code="9">ExL</subfield></datafield><datafield ind1=" " ind2=" " tag="035"><subfield code="a">(RERO)1428063-41slsp</subfield></datafield><datafield ind1=" " ind2=" " tag="035"><subfield code="a">(IDSBB)004442292DSV01</subfield></datafield><datafield ind1=" " ind2=" " tag="035"><subfield code="a">(EXLNZ-41SLSP_NETWORK)991067149639705501</subfield></datafield><datafield ind1=" " ind2=" " tag="040"><subfield code="a">RERO geuses</subfield><subfield code="d">CH-ZuSLS</subfield></datafield><datafield ind1="1" ind2=" " tag="041"><subfield code="a">eng</subfield><subfield code="h">rus</subfield></datafield><datafield ind1=" " ind2="7" tag="072"><subfield code="a">se</subfield><subfield code="2">rero</subfield></datafield><datafield ind1=" " ind2="7" tag="072"><subfield code="a">og</subfield><subfield code="2">SzZuIDS BS/BE</subfield></datafield><datafield ind1=" " ind2="7" tag="072"><subfield code="a">ph</subfield><subfield code="2">SzZuIDS BS/BE</subfield></datafield><datafield ind1="1" ind2="4" tag="082"><subfield code="a">940</subfield><subfield code="2">15</subfield></datafield><datafield ind1="1" ind2=" " tag="100"><subfield code="a">Lenin, Vladimir Ilʹič</subfield><subfield code="d">1870-1924</subfield><subfield code="0">(IDREF)026983184</subfield><subfield code="4">cre</subfield></datafield><datafield ind1="1" ind2="0" tag="245"><subfield code="a">Imperialism</subfield><subfield code="b">the highest stage of capitalism : a popular outline</subfield><subfield code="c">V.I. Lenin</subfield></datafield><datafield ind1=" " ind2=" " tag="250"><subfield code="a">new, revised transl.</subfield></datafield><datafield ind1=" " ind2="1" tag="264"><subfield code="a">New York</subfield><subfield code="b">International Publ.</subfield><subfield code="c">[1939]</subfield></datafield><datafield ind1=" " ind2="4" tag="264"><subfield code="c">© 1939</subfield></datafield><datafield ind1=" " ind2=" " tag="300"><subfield code="a">128 p.</subfield><subfield code="c">20 cm</subfield></datafield><datafield ind1=" " ind2=" " tag="336"><subfield code="b">txt</subfield><subfield code="2">rdacontent</subfield></datafield><datafield ind1=" " ind2=" " tag="337"><subfield code="b">n</subfield><subfield code="2">rdamedia</subfield></datafield><datafield ind1=" " ind2=" " tag="338"><subfield code="b">nc</subfield><subfield code="2">rdacarrier</subfield></datafield><datafield ind1="1" ind2=" " tag="490"><subfield code="a">Little Lenin library</subfield><subfield code="v">vol. 15</subfield></datafield><datafield ind1=" " ind2=" " tag="500"><subfield code="a">Traduit de: Imperializm kak vysšaja stadija kapitalizma</subfield></datafield><datafield ind1=" " ind2=" " tag="500"><subfield code="a">Marxist Library 6</subfield></datafield><datafield ind1=" " ind2="7" tag="650"><subfield code="a">Impérialisme</subfield><subfield code="0">(IDREF)027234312</subfield><subfield code="2">idref</subfield></datafield><datafield ind1="1" ind2=" " tag="700"><subfield code="a">Lenin, Vladimir Ilʹič</subfield><subfield code="d">1870-1924</subfield><subfield code="0">(IDREF)026983184</subfield></datafield><datafield ind1=" " ind2="0" tag="830"><subfield code="a">Little Lenin library</subfield><subfield code="v">15</subfield><subfield code="w">(RERO)1254031-41slsp</subfield></datafield><datafield ind1=" " ind2=" " tag="900"><subfield code="a">REROnoselfmerge</subfield></datafield></record>
</metadata></record>