<record><header><identifier>oai:alma.41SLSP_UGE:991000787979705502</identifier><datestamp>2023-03-01T01:09:51Z</datestamp><setSpec>uge_bcen_RapidILL_BOOK</setSpec><setSpec>uge_aaca_RapidILL_BOOK</setSpec><setSpec>uge_abels_RapidILL_BOOK</setSpec><setSpec>uge_dbu_RapidILL_BOOK</setSpec><setSpec>uge_cmu_RapidILL_BOOK</setSpec><setSpec>uge_mail_RapidILL_BOOK</setSpec><setSpec>UNIGE_ALL</setSpec><setSpec>uge_abbat_RapidILL_BOOK</setSpec><setSpec>uge_aobs_RapidILL_BOOK</setSpec><setSpec>uge_acar_RapidILL_BOOK</setSpec></header><metadata>
<record xmlns="http://www.loc.gov/MARC21/slim" xmlns:xsi="http://www.w3.org/2001/XMLSchema-instance" xsi:schemaLocation="http://www.loc.gov/MARC21/slim http://www.loc.gov/standards/marcxml/schema/MARC21slim.xsd"><leader>01322nam a2200373 c 4500</leader><controlfield tag="001">991000787979705502</controlfield><controlfield tag="005">20201229222252.0</controlfield><controlfield tag="008">201011s1968    fr ||||| |||| 00| ||fre d</controlfield><datafield ind1=" " ind2=" " tag="035"><subfield code="a">(swissbib)216459648-41slsp_network</subfield></datafield><datafield ind1=" " ind2=" " tag="035"><subfield code="a">216459648</subfield><subfield code="9">ExL</subfield></datafield><datafield ind1=" " ind2=" " tag="035"><subfield code="a">(RERO)R008163906-41slsp</subfield></datafield><datafield ind1=" " ind2=" " tag="035"><subfield code="a">(IDSBB)002075226DSV01</subfield></datafield><datafield ind1=" " ind2=" " tag="035"><subfield code="a">(EXLNZ-41SLSP_NETWORK)991039451059705501</subfield></datafield><datafield ind1=" " ind2=" " tag="040"><subfield code="a">RERO geussa</subfield><subfield code="d">CH-ZuSLS</subfield></datafield><datafield ind1=" " ind2="7" tag="072"><subfield code="a">et</subfield><subfield code="2">rero</subfield></datafield><datafield ind1=" " ind2="7" tag="072"><subfield code="a">ar</subfield><subfield code="2">rero</subfield></datafield><datafield ind1="1" ind2=" " tag="100"><subfield code="a">Patte, Etienne</subfield><subfield code="d">1891-1987</subfield><subfield code="0">(DE-588)1138647632</subfield><subfield code="6">880-01</subfield></datafield><datafield ind1="1" ind2=" " tag="880"><subfield code="a">Patte, Etienne</subfield><subfield code="0">(RERO)A003674954</subfield><subfield code="4">cre</subfield><subfield code="6">100-01</subfield></datafield><datafield ind1="1" ind2="0" tag="245"><subfield code="a">&lt;&lt;L'&gt;&gt;homme et la femme de l'Azilien de Saint-Rabier (fouilles Cheynier)</subfield><subfield code="c">par Etienne Patte</subfield></datafield><datafield ind1=" " ind2="1" tag="264"><subfield code="a">Paris</subfield><subfield code="b">Muséum national d'Histoire naturelle</subfield><subfield code="c">1968</subfield></datafield><datafield ind1=" " ind2=" " tag="300"><subfield code="a">56 p.</subfield><subfield code="b">ill.</subfield></datafield><datafield ind1=" " ind2=" " tag="336"><subfield code="b">txt</subfield><subfield code="2">rdacontent</subfield></datafield><datafield ind1=" " ind2=" " tag="337"><subfield code="b">n</subfield><subfield code="2">rdamedia</subfield></datafield><datafield ind1=" " ind2=" " tag="338"><subfield code="b">nc</subfield><subfield code="2">rdacarrier</subfield></datafield><datafield ind1="1" ind2=" " tag="490"><subfield code="a">Mémoires du Muséum national d'Histoire naturelle, série C, Sciences de la Terre</subfield><subfield code="v">t. 19, fasc. 1</subfield></datafield><datafield ind1=" " ind2="4" tag="650"><subfield code="a">Azilien</subfield></datafield><datafield ind1=" " ind2="4" tag="650"><subfield code="a">Evaporit</subfield></datafield><datafield ind1=" " ind2="4" tag="650"><subfield code="a">Fossiler Mensch</subfield></datafield><datafield ind1=" " ind2="4" tag="650"><subfield code="a">Isotropie</subfield></datafield><datafield ind1=" " ind2="4" tag="650"><subfield code="a">Mesozoikum</subfield></datafield><datafield ind1=" " ind2="4" tag="650"><subfield code="a">Niobotantalate</subfield></datafield><datafield ind1=" " ind2="4" tag="651"><subfield code="a">Sahara</subfield></datafield><datafield ind1=" " ind2="4" tag="651"><subfield code="a">Saint-Rabier</subfield></datafield><datafield ind1=" " ind2=" " tag="830"><subfield code="a">Mémoires du Muséum national d'histoire naturelle</subfield><subfield code="p">Nouvelle série</subfield><subfield code="p">Série C, Sciences de la terre</subfield><subfield code="v">19/1</subfield><subfield code="w">(IDSBB)000837018DSV01</subfield></datafield><datafield ind1=" " ind2=" " tag="900"><subfield code="a">REROnoselfmerge</subfield></datafield></record>
</metadata></record>