<record><header><identifier>oai:alma.41SLSP_UGE:991000787039705502</identifier><datestamp>2023-04-08T00:17:53Z</datestamp><setSpec>uge_bcen_RapidILL_BOOK</setSpec><setSpec>uge_aaca_RapidILL_BOOK</setSpec><setSpec>uge_abels_RapidILL_BOOK</setSpec><setSpec>uge_dbu_RapidILL_BOOK</setSpec><setSpec>uge_cmu_RapidILL_BOOK</setSpec><setSpec>uge_mail_RapidILL_BOOK</setSpec><setSpec>uge_abbat_RapidILL_BOOK</setSpec><setSpec>UNIGE_ALL</setSpec><setSpec>uge_acar_RapidILL_BOOK</setSpec><setSpec>uge_aobs_RapidILL_BOOK</setSpec></header><metadata>
<record xmlns="http://www.loc.gov/MARC21/slim" xmlns:xsi="http://www.w3.org/2001/XMLSchema-instance" xsi:schemaLocation="http://www.loc.gov/MARC21/slim http://www.loc.gov/standards/marcxml/schema/MARC21slim.xsd"><leader>02096nam a2200589 c 4500</leader><controlfield tag="001">991000787039705502</controlfield><controlfield tag="005">20230407062417.0</controlfield><controlfield tag="008">201011s2004    mc       |||| 000 0 fre|c</controlfield><datafield ind1=" " ind2=" " tag="020"><subfield code="a">9782753800205</subfield></datafield><datafield ind1=" " ind2=" " tag="020"><subfield code="a">2753800200</subfield></datafield><datafield ind1=" " ind2=" " tag="035"><subfield code="a">(swissbib)222505257-41slsp_network</subfield></datafield><datafield ind1=" " ind2=" " tag="035"><subfield code="a">222505257</subfield><subfield code="9">ExL</subfield></datafield><datafield ind1=" " ind2=" " tag="035"><subfield code="a">(NEBIS)005899283EBI01</subfield></datafield><datafield ind1=" " ind2=" " tag="035"><subfield code="a">(RERO)R006036198-41slsp</subfield></datafield><datafield ind1=" " ind2=" " tag="035"><subfield code="a">(OCoLC)57333719</subfield></datafield><datafield ind1=" " ind2=" " tag="035"><subfield code="a">(EXLNZ-41SLSP_NETWORK)991012921189705501</subfield></datafield><datafield ind1=" " ind2=" " tag="040"><subfield code="a">TZT</subfield><subfield code="d">CH-ZuSLS</subfield></datafield><datafield ind1=" " ind2=" " tag="050"><subfield code="a">PQ2683.A23</subfield><subfield code="b">Z46 2004</subfield></datafield><datafield ind1="0" ind2="0" tag="082"><subfield code="a">967.57104</subfield><subfield code="2">21</subfield></datafield><datafield ind1="0" ind2="4" tag="082"><subfield code="a">843</subfield><subfield code="2">1</subfield></datafield><datafield ind1="1" ind2="4" tag="082"><subfield code="a">320.967 57109049</subfield><subfield code="2">22</subfield></datafield><datafield ind1="1" ind2="4" tag="082"><subfield code="a">843</subfield><subfield code="2">1</subfield></datafield><datafield ind1="1" ind2="4" tag="082"><subfield code="a">967.571</subfield></datafield><datafield ind1="1" ind2=" " tag="100"><subfield code="a">Waberi, Abdourahman A.</subfield><subfield code="d">1965-</subfield><subfield code="0">(DE-588)120235927</subfield><subfield code="6">880-01</subfield></datafield><datafield ind1="1" ind2=" " tag="880"><subfield code="6">100-01</subfield><subfield code="a">Waberi, Abdourahman Ali</subfield><subfield code="d">1965-....</subfield><subfield code="0">(IDREF)033514941</subfield><subfield code="4">cre</subfield></datafield><datafield ind1="1" ind2="0" tag="245"><subfield code="a">Moisson de crânes</subfield><subfield code="b">textes pour le Rwanda</subfield><subfield code="c">Abdourahman A. Waberi</subfield></datafield><datafield ind1=" " ind2="1" tag="264"><subfield code="a">Monaco</subfield><subfield code="b">Le serpent à plumes</subfield><subfield code="c">2004</subfield></datafield><datafield ind1=" " ind2=" " tag="300"><subfield code="a">94 p.</subfield><subfield code="c">17 cm</subfield></datafield><datafield ind1=" " ind2=" " tag="336"><subfield code="b">txt</subfield><subfield code="2">rdacontent</subfield></datafield><datafield ind1=" " ind2=" " tag="337"><subfield code="b">n</subfield><subfield code="2">rdamedia</subfield></datafield><datafield ind1=" " ind2=" " tag="338"><subfield code="b">nc</subfield><subfield code="2">rdacarrier</subfield></datafield><datafield ind1="1" ind2=" " tag="490"><subfield code="a">Motifs</subfield><subfield code="v">no 218</subfield></datafield><datafield ind1="1" ind2="0" tag="600"><subfield code="a">Waberi, Abdourahman A</subfield><subfield code="d">1965-</subfield></datafield><datafield ind1=" " ind2="7" tag="648"><subfield code="a">Geschichte 1950-2000</subfield><subfield code="2">idszbz</subfield></datafield><datafield ind1=" " ind2="7" tag="648"><subfield code="a">Geschichte 1994</subfield><subfield code="2">idszbz</subfield></datafield><datafield ind1=" " ind2="7" tag="650"><subfield code="a">Völkermord</subfield><subfield code="2">idszbz</subfield></datafield><datafield ind1=" " ind2="7" tag="650"><subfield code="a">Bürgerkrieg</subfield><subfield code="2">idszbz</subfield></datafield><datafield ind1=" " ind2="7" tag="650"><subfield code="a">Prosa</subfield><subfield code="2">idszbz</subfield></datafield><datafield ind1=" " ind2="7" tag="650"><subfield code="a">Französisch</subfield><subfield code="2">idszbz</subfield></datafield><datafield ind1=" " ind2="0" tag="650"><subfield code="a">Genocide</subfield><subfield code="z">Rwanda</subfield></datafield><datafield ind1=" " ind2="0" tag="650"><subfield code="a">Hutu (African people)</subfield><subfield code="z">Rwanda</subfield></datafield><datafield ind1=" " ind2="0" tag="650"><subfield code="a">Tutsi (African people)</subfield><subfield code="x">Crimes against</subfield><subfield code="z">Rwanda</subfield></datafield><datafield ind1=" " ind2="7" tag="651"><subfield code="a">Rwanda</subfield><subfield code="2">idszbz</subfield></datafield><datafield ind1=" " ind2="0" tag="651"><subfield code="a">Rwanda</subfield><subfield code="x">History</subfield><subfield code="y">Civil War, 1994</subfield></datafield><datafield ind1=" " ind2="6" tag="651"><subfield code="a">Rwanda</subfield><subfield code="x">Histoire</subfield><subfield code="y">1994 (Guerre civile)</subfield></datafield><datafield ind1=" " ind2="0" tag="651"><subfield code="a">Rwanda</subfield><subfield code="x">Ethnic relations</subfield></datafield><datafield ind1=" " ind2="7" tag="655"><subfield code="a">Ausgabe</subfield><subfield code="2">idszbz</subfield></datafield><datafield ind1=" " ind2="7" tag="655"><subfield code="a">Belletristische Darstellung</subfield><subfield code="2">idszbz</subfield></datafield><datafield ind1="4" ind2=" " tag="856"><subfield code="3">Titelblatt und Inhaltsverzeichnis</subfield><subfield code="u">https://toc.library.ethz.ch/objects/pdf/z01_978-2-7538-0020-5_01.pdf</subfield><subfield code="q">pdf</subfield></datafield><datafield ind1=" " ind2="0" tag="830"><subfield code="a">Motifs</subfield><subfield code="v">218</subfield><subfield code="w">(NEBIS)001584441EBI01</subfield></datafield><datafield ind1=" " ind2=" " tag="900"><subfield code="a">IDSZ2zbzmon200912f</subfield><subfield code="c">IDSZ2suse</subfield><subfield code="d">IDSZ2zbzswk201001b</subfield><subfield code="e">IDSZ2arma</subfield></datafield><datafield ind1=" " ind2=" " tag="911"><subfield code="a">100</subfield><subfield code="a">Waberi, Abdourahman A</subfield><subfield code="d">1965-</subfield></datafield><datafield ind1=" " ind2=" " tag="949"><subfield code="a">https://toc.library.ethz.ch/objects/pdf/z01_978-2-7538-0020-5_01.pdf</subfield></datafield></record>
</metadata></record>