<record><header><identifier>oai:alma.41SLSP_UGE:991000787769705502</identifier><datestamp>2023-03-03T01:07:23Z</datestamp><setSpec>uge_bcen_RapidILL_BOOK</setSpec><setSpec>uge_aaca_RapidILL_BOOK</setSpec><setSpec>uge_abels_RapidILL_BOOK</setSpec><setSpec>uge_dbu_RapidILL_BOOK</setSpec><setSpec>uge_cmu_RapidILL_BOOK</setSpec><setSpec>uge_mail_RapidILL_BOOK</setSpec><setSpec>uge_abbat_RapidILL_BOOK</setSpec><setSpec>UNIGE_ALL</setSpec><setSpec>uge_acar_RapidILL_BOOK</setSpec><setSpec>uge_aobs_RapidILL_BOOK</setSpec></header><metadata>
<record xmlns="http://www.loc.gov/MARC21/slim" xmlns:xsi="http://www.w3.org/2001/XMLSchema-instance" xsi:schemaLocation="http://www.loc.gov/MARC21/slim http://www.loc.gov/standards/marcxml/schema/MARC21slim.xsd"><leader>01544nam a2200433 c 4500</leader><controlfield tag="001">991000787769705502</controlfield><controlfield tag="005">20230302181616.0</controlfield><controlfield tag="008">201011s1969    gw ||||| |||| 00| ||ger d</controlfield><datafield ind1=" " ind2=" " tag="035"><subfield code="a">(swissbib)231335199-41slsp_network</subfield></datafield><datafield ind1=" " ind2=" " tag="035"><subfield code="a">231335199</subfield><subfield code="9">ExL</subfield></datafield><datafield ind1=" " ind2=" " tag="035"><subfield code="a">(RERO)0006151-41slsp</subfield></datafield><datafield ind1=" " ind2=" " tag="035"><subfield code="a">(IDSBB)000486705DSV01</subfield></datafield><datafield ind1=" " ind2=" " tag="035"><subfield code="a">(NEBIS)003117774EBI01</subfield></datafield><datafield ind1=" " ind2=" " tag="035"><subfield code="a">(EXLNZ-41SLSP_NETWORK)991062334269705501</subfield></datafield><datafield ind1=" " ind2=" " tag="040"><subfield code="a">RERO</subfield><subfield code="d">CH-ZuSLS</subfield></datafield><datafield ind1=" " ind2="7" tag="072"><subfield code="a">gr</subfield><subfield code="2">rero</subfield></datafield><datafield ind1=" " ind2="7" tag="072"><subfield code="a">kp</subfield><subfield code="2">SzZuIDS BS/BE</subfield></datafield><datafield ind1="1" ind2=" " tag="080"><subfield code="a">875SOPHOC8</subfield></datafield><datafield ind1="0" ind2="4" tag="082"><subfield code="a">882.01</subfield></datafield><datafield ind1="1" ind2=" " tag="100"><subfield code="a">Parlavantza-Friedrich, Ursula</subfield><subfield code="0">(RERO)A003671543</subfield><subfield code="4">cre</subfield></datafield><datafield ind1="1" ind2="0" tag="245"><subfield code="a">Täuschungsszenen in den Tragödien des Sophokles</subfield><subfield code="c">Ursula Parlavantza-Friedrich</subfield></datafield><datafield ind1=" " ind2="1" tag="264"><subfield code="a">Berlin</subfield><subfield code="b">W. de Gruyter</subfield><subfield code="c">1969</subfield></datafield><datafield ind1=" " ind2=" " tag="300"><subfield code="a">VI, 109 p.</subfield><subfield code="c">24 cm</subfield></datafield><datafield ind1=" " ind2=" " tag="336"><subfield code="b">txt</subfield><subfield code="2">rdacontent</subfield></datafield><datafield ind1=" " ind2=" " tag="337"><subfield code="b">n</subfield><subfield code="2">rdamedia</subfield></datafield><datafield ind1=" " ind2=" " tag="338"><subfield code="b">nc</subfield><subfield code="2">rdacarrier</subfield></datafield><datafield ind1="1" ind2=" " tag="490"><subfield code="a">Untersuchungen zur antiken Literatur und Geschichte</subfield><subfield code="v">2</subfield></datafield><datafield ind1=" " ind2=" " tag="504"><subfield code="a">Bibliogr.: p. 107-109</subfield></datafield><datafield ind1="0" ind2="7" tag="600"><subfield code="a">Sophocle</subfield><subfield code="d">0496?-0406 av. J.-C.</subfield><subfield code="0">(IDREF)027143619</subfield><subfield code="2">idref</subfield></datafield><datafield ind1="0" ind2="7" tag="600"><subfield code="a">Sophocles</subfield><subfield code="d">ca. 497/496 v. Chr.-406 v. Chr.</subfield><subfield code="0">(DE-588)118615688</subfield><subfield code="2">gnd</subfield></datafield><datafield ind1="0" ind2="0" tag="600"><subfield code="a">Sophocles</subfield></datafield><datafield ind1="0" ind2="0" tag="600"><subfield code="a">Sophocles</subfield><subfield code="x">Criticism and interpretation</subfield></datafield><datafield ind1=" " ind2="7" tag="650"><subfield code="a">Tragédie</subfield><subfield code="0">(IDREF)027701115</subfield><subfield code="2">idref</subfield></datafield><datafield ind1=" " ind2="7" tag="650"><subfield code="a">Vérité et mensonge</subfield><subfield code="0">(IDREF)027412636</subfield><subfield code="2">idref</subfield></datafield><datafield ind1=" " ind2="0" tag="650"><subfield code="a">Mythology, Greek, in literature</subfield></datafield><datafield ind1=" " ind2="0" tag="650"><subfield code="a">Tragedy</subfield></datafield><datafield ind1=" " ind2=" " tag="830"><subfield code="a">Untersuchungen zur antiken Literatur und Geschichte</subfield><subfield code="v">2</subfield><subfield code="w">(RERO)0004294-41slsp</subfield></datafield><datafield ind1=" " ind2=" " tag="900"><subfield code="a">REROnoselfmerge</subfield></datafield><datafield ind1=" " ind2=" " tag="900"><subfield code="a">IDSZRMedeaZBZ</subfield><subfield code="b">IDSZRSWK</subfield></datafield><datafield ind1=" " ind2=" " tag="900"><subfield code="a">IDSU2remark</subfield><subfield code="f">IDSU2medea</subfield></datafield></record>
</metadata></record>