<record><header><identifier>oai:alma.41SLSP_UGE:991000787049705502</identifier><datestamp>2023-06-20T00:19:59Z</datestamp><setSpec>uge_bcen_RapidILL_BOOK</setSpec><setSpec>uge_aaca_RapidILL_BOOK</setSpec><setSpec>uge_abels_RapidILL_BOOK</setSpec><setSpec>uge_dbu_RapidILL_BOOK</setSpec><setSpec>uge_cmu_RapidILL_BOOK</setSpec><setSpec>uge_mail_RapidILL_BOOK</setSpec><setSpec>uge_abbat_RapidILL_BOOK</setSpec><setSpec>UNIGE_ALL</setSpec><setSpec>uge_acar_RapidILL_BOOK</setSpec><setSpec>uge_aobs_RapidILL_BOOK</setSpec></header><metadata>
<record xmlns="http://www.loc.gov/MARC21/slim" xmlns:xsi="http://www.w3.org/2001/XMLSchema-instance" xsi:schemaLocation="http://www.loc.gov/MARC21/slim http://www.loc.gov/standards/marcxml/schema/MARC21slim.xsd"><leader>01928nam a2200541 c 4500</leader><controlfield tag="001">991000787049705502</controlfield><controlfield tag="005">20230619203207.0</controlfield><controlfield tag="008">201011s1962    sz ||||| |||| 00| ||fre d</controlfield><datafield ind1=" " ind2=" " tag="035"><subfield code="a">(swissbib)218051204-41slsp_network</subfield></datafield><datafield ind1=" " ind2=" " tag="035"><subfield code="a">218051204</subfield><subfield code="9">ExL</subfield></datafield><datafield ind1=" " ind2=" " tag="035"><subfield code="a">(RERO)0294837-41slsp</subfield></datafield><datafield ind1=" " ind2=" " tag="035"><subfield code="a">(NEBIS)006173332EBI01</subfield></datafield><datafield ind1=" " ind2=" " tag="035"><subfield code="a">(IDSBB)000258293DSV01</subfield></datafield><datafield ind1=" " ind2=" " tag="035"><subfield code="a">(EXLNZ-41SLSP_NETWORK)991070422059705501</subfield></datafield><datafield ind1=" " ind2=" " tag="040"><subfield code="a">RERO</subfield><subfield code="d">CH-ZuSLS</subfield></datafield><datafield ind1=" " ind2=" " tag="044"><subfield code="a">sz</subfield><subfield code="c">ch-ge</subfield></datafield><datafield ind1=" " ind2=" " tag="050"><subfield code="a">PQ1607.C5</subfield><subfield code="b">D79</subfield></datafield><datafield ind1=" " ind2="7" tag="072"><subfield code="a">fr</subfield><subfield code="2">rero</subfield></datafield><datafield ind1=" " ind2="7" tag="072"><subfield code="a">th</subfield><subfield code="2">rero</subfield></datafield><datafield ind1=" " ind2="7" tag="072"><subfield code="a">rs</subfield><subfield code="2">SzZuIDS BS/BE</subfield></datafield><datafield ind1="0" ind2="4" tag="082"><subfield code="a">841.3</subfield></datafield><datafield ind1="0" ind2="4" tag="082"><subfield code="a">242</subfield></datafield><datafield ind1="1" ind2=" " tag="100"><subfield code="a">Droz, Eugénie</subfield><subfield code="d">1893-1976</subfield><subfield code="0">(IDREF)031682332</subfield><subfield code="4">aut</subfield></datafield><datafield ind1="1" ind2="0" tag="245"><subfield code="a">Jacques de Constans, l'ami d'Agrippa d'Aubigné</subfield><subfield code="b">contribution à l'étude de la poésie protestante</subfield><subfield code="c">Eugénie Droz</subfield></datafield><datafield ind1=" " ind2="1" tag="264"><subfield code="a">Genève</subfield><subfield code="b">E. Droz</subfield><subfield code="c">1962</subfield></datafield><datafield ind1=" " ind2=" " tag="300"><subfield code="a">118 p.</subfield><subfield code="b">ill.</subfield><subfield code="c">27 cm</subfield></datafield><datafield ind1=" " ind2=" " tag="336"><subfield code="b">txt</subfield><subfield code="2">rdacontent</subfield></datafield><datafield ind1=" " ind2=" " tag="337"><subfield code="b">n</subfield><subfield code="2">rdamedia</subfield></datafield><datafield ind1=" " ind2=" " tag="338"><subfield code="b">nc</subfield><subfield code="2">rdacarrier</subfield></datafield><datafield ind1="1" ind2=" " tag="490"><subfield code="a">Travaux d'humanisme et Renaissance</subfield><subfield code="v">51</subfield></datafield><datafield ind1=" " ind2=" " tag="500"><subfield code="a">Enth. auch: Les constantes amours ; Les psaumes / Jacques de Constans</subfield></datafield><datafield ind1="1" ind2="7" tag="600"><subfield code="a">Constans, Jacques de</subfield><subfield code="0">(RERO)A027830099</subfield><subfield code="2">rero</subfield></datafield><datafield ind1="1" ind2="0" tag="600"><subfield code="a">Constans, Jacques de</subfield><subfield code="d">approximately 1547-1621</subfield></datafield><datafield ind1="1" ind2="7" tag="600"><subfield code="a">Constans, Jacques de</subfield><subfield code="d">1547-1621</subfield><subfield code="2">ram</subfield></datafield><datafield ind1=" " ind2="7" tag="650"><subfield code="a">Poésie religieuse française</subfield><subfield code="0">(RERO)A027726217</subfield><subfield code="2">rero</subfield></datafield><datafield ind1=" " ind2="7" tag="650"><subfield code="a">Protestantisme</subfield><subfield code="0">(IDREF)027267318</subfield><subfield code="2">idref</subfield></datafield><datafield ind1=" " ind2="7" tag="650"><subfield code="a">Französisch</subfield><subfield code="0">(DE-588)4113615-9</subfield><subfield code="2">gnd</subfield></datafield><datafield ind1=" " ind2="7" tag="650"><subfield code="a">Lyrik</subfield><subfield code="0">(DE-588)4036774-5</subfield><subfield code="2">gnd</subfield></datafield><datafield ind1=" " ind2="7" tag="650"><subfield code="a">Protestantismus</subfield><subfield code="0">(DE-588)4047538-4</subfield><subfield code="2">gnd</subfield></datafield><datafield ind1=" " ind2="0" tag="650"><subfield code="a">French poetry</subfield><subfield code="y">16th century</subfield></datafield><datafield ind1=" " ind2="7" tag="650"><subfield code="a">Protestants</subfield><subfield code="x">Littérature française</subfield><subfield code="y">16e siècle</subfield><subfield code="2">ram</subfield></datafield><datafield ind1=" " ind2="4" tag="650"><subfield code="a">Französisch</subfield></datafield><datafield ind1=" " ind2="4" tag="650"><subfield code="a">Lyrik</subfield></datafield><datafield ind1=" " ind2="4" tag="650"><subfield code="a">Protestantismus</subfield></datafield><datafield ind1=" " ind2=" " tag="690"><subfield code="a">Constans, Jacques</subfield><subfield code="2">uzb-Z9</subfield></datafield><datafield ind1=" " ind2=" " tag="690"><subfield code="a">Constant, Jacques de</subfield><subfield code="2">uzb-Z9</subfield></datafield><datafield ind1=" " ind2="0" tag="830"><subfield code="a">Travaux d'humanisme et Renaissance</subfield><subfield code="v">51</subfield><subfield code="w">(IDSBB)000007542DSV01</subfield></datafield><datafield ind1=" " ind2=" " tag="900"><subfield code="a">IDSZRMedeaZBZ</subfield></datafield><datafield ind1=" " ind2=" " tag="900"><subfield code="f">IDSU2medea</subfield></datafield><datafield ind1=" " ind2=" " tag="993"><subfield code="a">MHR Vc 37</subfield><subfield code="x">ge/mhr-/7523</subfield><subfield code="9">LOCAL</subfield></datafield></record>
</metadata></record>