<record><header><identifier>oai:alma.41SLSP_UGE:991000787879705502</identifier><datestamp>2023-03-01T01:09:51Z</datestamp><setSpec>uge_cmu_RapidILL_JOURNAL</setSpec><setSpec>uge_aobs_RapidILL_JOURNAL</setSpec><setSpec>uge_aaca_RapidILL_JOURNAL</setSpec><setSpec>uge_bcen_RapidILL_JOURNAL</setSpec><setSpec>uge_abbat_RapidILL_JOURNAL</setSpec><setSpec>uge_mail_RapidILL_JOURNAL</setSpec><setSpec>uge_dbu_RapidILL_JOURNAL</setSpec><setSpec>UNIGE_ALL</setSpec><setSpec>uge_abels_RapidILL_JOURNAL</setSpec><setSpec>uge_acar_RapidILL_JOURNAL</setSpec></header><metadata>
<record xmlns="http://www.loc.gov/MARC21/slim" xmlns:xsi="http://www.w3.org/2001/XMLSchema-instance" xsi:schemaLocation="http://www.loc.gov/MARC21/slim http://www.loc.gov/standards/marcxml/schema/MARC21slim.xsd"><leader>01239nas a2200373 c 4500</leader><controlfield tag="001">991000787879705502</controlfield><controlfield tag="005">20201126043431.0</controlfield><controlfield tag="008">201011d19671968xxu|| p|      0   ||eng|d</controlfield><datafield ind1="7" ind2=" " tag="016"><subfield code="a">162420-9</subfield><subfield code="2">ZDB</subfield></datafield><datafield ind1=" " ind2=" " tag="022"><subfield code="a">0568-0727</subfield></datafield><datafield ind1=" " ind2=" " tag="035"><subfield code="a">(swissbib)231493118-41slsp_network</subfield></datafield><datafield ind1=" " ind2=" " tag="035"><subfield code="a">231493118</subfield><subfield code="9">ExL</subfield></datafield><datafield ind1=" " ind2=" " tag="035"><subfield code="a">(NEBIS)000034047EBI01</subfield></datafield><datafield ind1=" " ind2=" " tag="035"><subfield code="a">(IDSBB)005759158DSV01</subfield></datafield><datafield ind1=" " ind2=" " tag="035"><subfield code="a">(RERO)1065803-41slsp</subfield></datafield><datafield ind1=" " ind2=" " tag="035"><subfield code="a">(EXLNZ-41SLSP_NETWORK)991022878639705501</subfield></datafield><datafield ind1=" " ind2=" " tag="040"><subfield code="a">ETH-BIB</subfield><subfield code="b">ger</subfield><subfield code="e">ETHICS-ISBD</subfield><subfield code="d">CH-ZuSLS</subfield></datafield><datafield ind1=" " ind2="7" tag="072"><subfield code="a">in</subfield><subfield code="2">rero</subfield></datafield><datafield ind1="0" ind2=" " tag="210"><subfield code="a">Aerosp. technol.</subfield></datafield><datafield ind1="0" ind2="0" tag="245"><subfield code="a">Aerospace technology</subfield></datafield><datafield ind1=" " ind2="1" tag="264"><subfield code="a">Washington, D.C.</subfield><subfield code="b">American Aviation Publications</subfield></datafield><datafield ind1=" " ind2=" " tag="300"><subfield code="c">29 cm</subfield></datafield><datafield ind1=" " ind2=" " tag="310"><subfield code="a">Hebdomadaire</subfield></datafield><datafield ind1=" " ind2=" " tag="336"><subfield code="b">txt</subfield><subfield code="2">rdacontent</subfield></datafield><datafield ind1=" " ind2=" " tag="337"><subfield code="b">n</subfield><subfield code="2">rdamedia</subfield></datafield><datafield ind1=" " ind2=" " tag="338"><subfield code="b">nc</subfield><subfield code="2">rdacarrier</subfield></datafield><datafield ind1="0" ind2=" " tag="362"><subfield code="a">Vol. 21, no. 2 (July 1967)-vol. 21, no. 26 (June 1968)</subfield></datafield><datafield ind1=" " ind2=" " tag="580"><subfield code="a">Fait suite à: Technology week. Est absorbé par : American aviation</subfield></datafield><datafield ind1=" " ind2="7" tag="650"><subfield code="a">LUFTFAHRTTECHNIK</subfield><subfield code="9">ger</subfield><subfield code="0">(ETHUDK)000030579</subfield><subfield code="2">ethudk</subfield></datafield><datafield ind1=" " ind2="7" tag="650"><subfield code="a">Raumfahrttechnik</subfield><subfield code="0">(DE-588)4177061-4</subfield><subfield code="2">gnd</subfield></datafield><datafield ind1=" " ind2="7" tag="655"><subfield code="a">Zeitschrift</subfield><subfield code="2">gnd-content</subfield></datafield><datafield ind1="0" ind2="0" tag="780"><subfield code="t">Technology week</subfield><subfield code="w">(IDSBB)005754498DSV01</subfield></datafield><datafield ind1="0" ind2="0" tag="785"><subfield code="t">American aviation</subfield><subfield code="w">(RERO)1062670-41slsp</subfield></datafield><datafield ind1=" " ind2=" " tag="900"><subfield code="a">NEBISnoselfmerge</subfield></datafield><datafield ind1=" " ind2=" " tag="900"><subfield code="a">REROnoselfmerge</subfield></datafield></record>
</metadata></record>