<record><header><identifier>oai:alma.41SLSP_UGE:991000787029705502</identifier><datestamp>2023-04-06T00:09:59Z</datestamp><setSpec>uge_cmu_RapidILL_JOURNAL</setSpec><setSpec>uge_aobs_RapidILL_JOURNAL</setSpec><setSpec>uge_aaca_RapidILL_JOURNAL</setSpec><setSpec>uge_abbat_RapidILL_JOURNAL</setSpec><setSpec>uge_bcen_RapidILL_JOURNAL</setSpec><setSpec>uge_mail_RapidILL_JOURNAL</setSpec><setSpec>uge_dbu_RapidILL_JOURNAL</setSpec><setSpec>uge_abels_RapidILL_JOURNAL</setSpec><setSpec>UNIGE_ALL</setSpec><setSpec>uge_acar_RapidILL_JOURNAL</setSpec></header><metadata>
<record xmlns="http://www.loc.gov/MARC21/slim" xmlns:xsi="http://www.w3.org/2001/XMLSchema-instance" xsi:schemaLocation="http://www.loc.gov/MARC21/slim http://www.loc.gov/standards/marcxml/schema/MARC21slim.xsd"><leader>01078nas a2200313 c 4500</leader><controlfield tag="001">991000787029705502</controlfield><controlfield tag="005">20230405192819.0</controlfield><controlfield tag="008">940620u1973uuuufr || p|  ||| 0    0eng d</controlfield><datafield ind1=" " ind2=" " tag="022"><subfield code="a">0338-8999</subfield></datafield><datafield ind1=" " ind2=" " tag="035"><subfield code="a">(swissbib)088867757-41slsp_network</subfield></datafield><datafield ind1=" " ind2=" " tag="035"><subfield code="a">088867757</subfield><subfield code="9">ExL</subfield></datafield><datafield ind1=" " ind2=" " tag="035"><subfield code="a">(RERO)1869437-41slsp</subfield></datafield><datafield ind1=" " ind2=" " tag="035"><subfield code="a">(EXLNZ-41SLSP_NETWORK)991009637389705501</subfield></datafield><datafield ind1=" " ind2=" " tag="040"><subfield code="a">RERO geussc</subfield><subfield code="d">CH-ZuSLS</subfield></datafield><datafield ind1="0" ind2=" " tag="041"><subfield code="a">eng</subfield><subfield code="a">fre</subfield></datafield><datafield ind1=" " ind2="7" tag="072"><subfield code="a">ch</subfield><subfield code="2">rero</subfield></datafield><datafield ind1=" " ind2="7" tag="072"><subfield code="a">pa</subfield><subfield code="2">rero</subfield></datafield><datafield ind1="1" ind2="0" tag="210"><subfield code="a">Actual. Chim. Ther.</subfield></datafield><datafield ind1="0" ind2="0" tag="245"><subfield code="a">Actualités de chimie thérapeutique</subfield></datafield><datafield ind1=" " ind2="1" tag="264"><subfield code="a">Châtenay-Malabry</subfield><subfield code="b">Société de chimie thérapeutique</subfield><subfield code="a">[puis] Paris</subfield><subfield code="b">Technique et documentation Lavoisier</subfield></datafield><datafield ind1=" " ind2=" " tag="300"><subfield code="a">27 [puis] 24 cm</subfield></datafield><datafield ind1=" " ind2=" " tag="336"><subfield code="b">txt</subfield><subfield code="2">rdacontent</subfield></datafield><datafield ind1=" " ind2=" " tag="337"><subfield code="b">n</subfield><subfield code="2">rdamedia</subfield></datafield><datafield ind1=" " ind2=" " tag="338"><subfield code="b">nc</subfield><subfield code="2">rdacarrier</subfield></datafield><datafield ind1="0" ind2=" " tag="362"><subfield code="a">Vol. 1(1973)-[?]</subfield></datafield><datafield ind1=" " ind2=" " tag="580"><subfield code="a">Suppl. de: European journal of medicinal chemistry</subfield></datafield><datafield ind1=" " ind2="7" tag="650"><subfield code="a">Biochimie clinique</subfield><subfield code="0">(IDREF)027221326</subfield><subfield code="2">idref</subfield></datafield><datafield ind1=" " ind2="7" tag="655"><subfield code="a">Périodiques</subfield><subfield code="0">(IDREF)02724640X</subfield><subfield code="2">idref</subfield></datafield><datafield ind1="0" ind2=" " tag="772"><subfield code="t">European journal of medicinal chemistry : chimie therapeutique</subfield><subfield code="w">(RERO)0107439-41slsp</subfield></datafield><datafield ind1=" " ind2=" " tag="900"><subfield code="a">REROnoselfmerge</subfield></datafield></record>
</metadata></record>