<record><header><identifier>oai:alma.41SLSP_UGE:991000787549705502</identifier><datestamp>2023-03-01T01:09:51Z</datestamp><setSpec>uge_bcen_RapidILL_BOOK</setSpec><setSpec>uge_aaca_RapidILL_BOOK</setSpec><setSpec>uge_abels_RapidILL_BOOK</setSpec><setSpec>uge_dbu_RapidILL_BOOK</setSpec><setSpec>uge_cmu_RapidILL_BOOK</setSpec><setSpec>uge_mail_RapidILL_BOOK</setSpec><setSpec>UNIGE_ALL</setSpec><setSpec>uge_abbat_RapidILL_BOOK</setSpec><setSpec>uge_aobs_RapidILL_BOOK</setSpec><setSpec>uge_acar_RapidILL_BOOK</setSpec></header><metadata>
<record xmlns="http://www.loc.gov/MARC21/slim" xmlns:xsi="http://www.w3.org/2001/XMLSchema-instance" xsi:schemaLocation="http://www.loc.gov/MARC21/slim http://www.loc.gov/standards/marcxml/schema/MARC21slim.xsd"><leader>01051nam a2200313 c 4500</leader><controlfield tag="001">991000787549705502</controlfield><controlfield tag="005">20201126052930.0</controlfield><controlfield tag="008">201008s1953    xxk||||| |||| 00| ||eng d</controlfield><datafield ind1=" " ind2=" " tag="035"><subfield code="a">(swissbib)106102265-41slsp_network</subfield></datafield><datafield ind1=" " ind2=" " tag="035"><subfield code="a">106102265</subfield><subfield code="9">ExL</subfield></datafield><datafield ind1=" " ind2=" " tag="035"><subfield code="a">(RERO)R004598613-41slsp</subfield></datafield><datafield ind1=" " ind2=" " tag="035"><subfield code="a">(EXLNZ-41SLSP_NETWORK)991127389919705501</subfield></datafield><datafield ind1=" " ind2=" " tag="040"><subfield code="a">SZ-GeWHO</subfield><subfield code="d">CH-ZuSLS</subfield></datafield><datafield ind1=" " ind2="4" tag="060"><subfield code="a">QU 145</subfield></datafield><datafield ind1=" " ind2="7" tag="072"><subfield code="a">me</subfield><subfield code="2">rero</subfield></datafield><datafield ind1="1" ind2=" " tag="100"><subfield code="a">McCarrison, Robert</subfield><subfield code="d">1878-....</subfield><subfield code="0">(IDREF)084734329</subfield><subfield code="4">cre</subfield></datafield><datafield ind1="1" ind2="0" tag="245"><subfield code="a">&lt;&lt;The&gt;&gt; work of Sir Robert McCarrison</subfield><subfield code="c">ed. by H. M. Sinclair, with additional introductory essays by W. R. Aykroyd and E. V. McCollum</subfield></datafield><datafield ind1=" " ind2="1" tag="264"><subfield code="a">London</subfield><subfield code="b">Faber and Faber</subfield><subfield code="c">[1953]</subfield></datafield><datafield ind1=" " ind2=" " tag="300"><subfield code="a">327 p</subfield></datafield><datafield ind1=" " ind2=" " tag="336"><subfield code="b">txt</subfield><subfield code="2">rdacontent</subfield></datafield><datafield ind1=" " ind2=" " tag="337"><subfield code="b">n</subfield><subfield code="2">rdamedia</subfield></datafield><datafield ind1=" " ind2=" " tag="338"><subfield code="b">nc</subfield><subfield code="2">rdacarrier</subfield></datafield><datafield ind1="1" ind2="2" tag="600"><subfield code="a">McCarrison, Robert</subfield><subfield code="c">Sir</subfield><subfield code="d">1878-1960</subfield></datafield><datafield ind1=" " ind2="2" tag="650"><subfield code="a">Deficiency Diseases</subfield></datafield><datafield ind1=" " ind2="2" tag="650"><subfield code="a">Nutrition</subfield></datafield><datafield ind1=" " ind2="2" tag="650"><subfield code="a">Nutritional Status</subfield></datafield><datafield ind1=" " ind2="2" tag="650"><subfield code="a">Research</subfield></datafield><datafield ind1="1" ind2=" " tag="700"><subfield code="a">Sinclair, Hugh Macdonald</subfield><subfield code="d">1910-1990</subfield><subfield code="0">(IDREF)084749938</subfield></datafield><datafield ind1="2" ind2=" " tag="710"><subfield code="a">Nutrition Research Laboratories (Inde)</subfield><subfield code="0">(RERO)A024317547</subfield></datafield><datafield ind1=" " ind2=" " tag="900"><subfield code="a">REROnoselfmerge</subfield></datafield><datafield ind1=" " ind2=" " tag="990"><subfield code="a">donomshim</subfield><subfield code="9">LOCAL</subfield></datafield></record>
</metadata></record>