<record><header><identifier>oai:alma.41SLSP_UGE:991000787339705502</identifier><datestamp>2024-09-04T00:05:40Z</datestamp><setSpec>uge_bcen_RapidILL_BOOK</setSpec><setSpec>uge_aaca_RapidILL_BOOK</setSpec><setSpec>uge_abels_RapidILL_BOOK</setSpec><setSpec>uge_dbu_RapidILL_BOOK</setSpec><setSpec>uge_cmu_RapidILL_BOOK</setSpec><setSpec>uge_mail_RapidILL_BOOK</setSpec><setSpec>uge_abbat_RapidILL_BOOK</setSpec><setSpec>UNIGE_ALL</setSpec><setSpec>uge_aobs_RapidILL_BOOK</setSpec><setSpec>uge_acar_RapidILL_BOOK</setSpec></header><metadata>
<record xmlns="http://www.loc.gov/MARC21/slim" xmlns:xsi="http://www.w3.org/2001/XMLSchema-instance" xsi:schemaLocation="http://www.loc.gov/MARC21/slim http://www.loc.gov/standards/marcxml/schema/MARC21slim.xsd"><leader>01395ncm a2200397 c 4500</leader><controlfield tag="001">991000787339705502</controlfield><controlfield tag="005">20240903112736.0</controlfield><controlfield tag="008">201011t19141914gw ||c||            ger d</controlfield><datafield ind1="2" ind2="2" tag="028"><subfield code="a">9801</subfield></datafield><datafield ind1="3" ind2="2" tag="028"><subfield code="a">EP 3405</subfield></datafield><datafield ind1=" " ind2=" " tag="035"><subfield code="a">(swissbib)224292110-41slsp_network</subfield></datafield><datafield ind1=" " ind2=" " tag="035"><subfield code="a">224292110</subfield><subfield code="9">ExL</subfield></datafield><datafield ind1=" " ind2=" " tag="035"><subfield code="a">(RERO)R003243253-41slsp</subfield></datafield><datafield ind1=" " ind2=" " tag="035"><subfield code="a">(NEBIS)003648053EBI01</subfield></datafield><datafield ind1=" " ind2=" " tag="035"><subfield code="a">(EXLNZ-41SLSP_NETWORK)991046475179705501</subfield></datafield><datafield ind1=" " ind2=" " tag="040"><subfield code="a">RERO vsbcvs</subfield><subfield code="d">CH-ZuSLS</subfield></datafield><datafield ind1=" " ind2="7" tag="072"><subfield code="a">mu</subfield><subfield code="2">rero</subfield></datafield><datafield ind1="1" ind2=" " tag="100"><subfield code="6">880-01</subfield><subfield code="a">Wagner, Richard</subfield><subfield code="d">1813-1883</subfield><subfield code="0">(IDREF)027191451</subfield><subfield code="4">cre</subfield></datafield><datafield ind1="1" ind2=" " tag="880"><subfield code="a">Wagner, Richard</subfield><subfield code="d">1813-1883</subfield><subfield code="0">(DE-588)118594117</subfield><subfield code="6">100-01</subfield></datafield><datafield ind1="1" ind2="0" tag="240"><subfield code="a">Siegfried</subfield><subfield code="n">WWV 86 C</subfield><subfield code="o">KlA</subfield></datafield><datafield ind1="1" ind2="0" tag="245"><subfield code="a">Siegfried</subfield><subfield code="c">von Richard Wagner ; Klavierauszug mit Text von Felix Mottl</subfield></datafield><datafield ind1=" " ind2="1" tag="264"><subfield code="a">Leipzig</subfield><subfield code="b">C.F. Peters</subfield><subfield code="c">[1914]</subfield></datafield><datafield ind1=" " ind2="4" tag="264"><subfield code="c">© 1914</subfield></datafield><datafield ind1=" " ind2=" " tag="300"><subfield code="a">1 réduction (354 p.)</subfield><subfield code="c">27 cm</subfield></datafield><datafield ind1=" " ind2=" " tag="336"><subfield code="b">ntm</subfield><subfield code="2">rdacontent</subfield></datafield><datafield ind1=" " ind2=" " tag="337"><subfield code="b">n</subfield><subfield code="2">rdamedia</subfield></datafield><datafield ind1=" " ind2=" " tag="338"><subfield code="b">nc</subfield><subfield code="2">rdacarrier</subfield></datafield><datafield ind1=" " ind2=" " tag="348"><subfield code="a">Klavierauszug</subfield><subfield code="2">gnd-music</subfield></datafield><datafield ind1=" " ind2=" " tag="348"><subfield code="a">réduction pour piano</subfield><subfield code="2">gnd-music/fre</subfield></datafield><datafield ind1=" " ind2=" " tag="348"><subfield code="a">riduzione per pianoforte</subfield><subfield code="2">gnd-music/ita</subfield></datafield><datafield ind1=" " ind2="7" tag="655"><subfield code="a">Oper</subfield><subfield code="y">19. Jh.</subfield><subfield code="2">idsmusg</subfield></datafield><datafield ind1=" " ind2=" " tag="690"><subfield code="a">Oper</subfield><subfield code="t">19. Jh.</subfield><subfield code="v">Noten Klavierauszug</subfield><subfield code="2">ids-music</subfield></datafield><datafield ind1="1" ind2="2" tag="700"><subfield code="a">Wagner, Richard</subfield><subfield code="d">1813-1883</subfield><subfield code="t">Siegfried.</subfield><subfield code="o">Réduction</subfield></datafield><datafield ind1="1" ind2=" " tag="700"><subfield code="a">Mottl, Felix</subfield><subfield code="0">(RERO)A003613600</subfield></datafield><datafield ind1=" " ind2=" " tag="900"><subfield code="a">REROnoselfmerge</subfield></datafield><datafield ind1=" " ind2=" " tag="900"><subfield code="a">IDSZRMedeaZBZ</subfield><subfield code="c">IDSZRkauf</subfield></datafield><datafield ind1=" " ind2=" " tag="900"><subfield code="a">IDSZ2zbzmus201205r</subfield><subfield code="c">IDSZ2medea kauf</subfield><subfield code="d">IDSZ2zbzswk201205m</subfield></datafield><datafield ind1=" " ind2=" " tag="960"><subfield code="2">matmu</subfield><subfield code="a">Allemagne ; XIXe ; Romantisme ; Opéras</subfield><subfield code="9">LOCAL</subfield></datafield></record>
</metadata></record>