<record><header><identifier>oai:alma.41SLSP_UGE:991000787859705502</identifier><datestamp>2024-11-15T01:10:34Z</datestamp><setSpec>uge_bcen_RapidILL_BOOK</setSpec><setSpec>uge_aaca_RapidILL_BOOK</setSpec><setSpec>uge_abels_RapidILL_BOOK</setSpec><setSpec>uge_dbu_RapidILL_BOOK</setSpec><setSpec>uge_cmu_RapidILL_BOOK</setSpec><setSpec>uge_mail_RapidILL_BOOK</setSpec><setSpec>uge_abbat_RapidILL_BOOK</setSpec><setSpec>UNIGE_ALL</setSpec><setSpec>uge_aobs_RapidILL_BOOK</setSpec><setSpec>uge_acar_RapidILL_BOOK</setSpec></header><metadata>
<record xmlns="http://www.loc.gov/MARC21/slim" xmlns:xsi="http://www.w3.org/2001/XMLSchema-instance" xsi:schemaLocation="http://www.loc.gov/MARC21/slim http://www.loc.gov/standards/marcxml/schema/MARC21slim.xsd"><leader>03029nam a2200589 c 4500</leader><controlfield tag="001">991000787859705502</controlfield><controlfield tag="005">20230630211208.0</controlfield><controlfield tag="008">201011s1930    sz ||||| |||| 10| ||ger d</controlfield><datafield ind1=" " ind2=" " tag="035"><subfield code="a">(swissbib)229123740-41slsp_network</subfield></datafield><datafield ind1=" " ind2=" " tag="035"><subfield code="a">229123740</subfield><subfield code="9">ExL</subfield></datafield><datafield ind1=" " ind2=" " tag="035"><subfield code="a">(RERO)bv00507738-41slsp</subfield></datafield><datafield ind1=" " ind2=" " tag="035"><subfield code="a">(RERO)1975541-41slsp</subfield></datafield><datafield ind1=" " ind2=" " tag="035"><subfield code="a">(NEBIS)005502074EBI01</subfield></datafield><datafield ind1=" " ind2=" " tag="035"><subfield code="a">(IDSBB)001182046DSV01</subfield></datafield><datafield ind1=" " ind2=" " tag="035"><subfield code="a">(ALEX)bv00507738</subfield></datafield><datafield ind1=" " ind2=" " tag="035"><subfield code="a">(EXLNZ-41SLSP_NETWORK)991124465969705501</subfield></datafield><datafield ind1=" " ind2=" " tag="040"><subfield code="a">RERO iftfla</subfield><subfield code="d">CH-ZuSLS</subfield></datafield><datafield ind1="0" ind2=" " tag="041"><subfield code="a">ger</subfield><subfield code="a">fre</subfield></datafield><datafield ind1=" " ind2="7" tag="072"><subfield code="a">dr</subfield><subfield code="2">rero</subfield></datafield><datafield ind1=" " ind2="7" tag="072"><subfield code="a">re</subfield><subfield code="2">SzZuIDS BS/BE</subfield></datafield><datafield ind1="1" ind2="4" tag="082"><subfield code="a">340</subfield><subfield code="2">15</subfield></datafield><datafield ind1=" " ind2=" " tag="084"><subfield code="a">A 27.1 h</subfield><subfield code="2">cjurrom</subfield></datafield><datafield ind1="1" ind2=" " tag="100"><subfield code="a">Merz, Victor</subfield><subfield code="0">(RERO)A003586727</subfield><subfield code="4">cre</subfield></datafield><datafield ind1="1" ind2="0" tag="245"><subfield code="a">&lt;&lt;Die&gt;&gt; sechste Session der Haager Konferenz für internationales Privatrecht</subfield><subfield code="b">(Januar 1928)</subfield><subfield code="c">Berichte der schweizerischen Delegierten Bundesrichter V. Merz, Professor R. Guex und E. Alexander, Adjunkt des eidg. Justizdepartements, erstattet in der Versammlung der Schweiz. Vereinigung für internationales Recht vom 1. Dezember 1929. Anlagen: Berichte der Kommissionen, Entwürfe und Vorschläge der Konferenz</subfield></datafield><datafield ind1=" " ind2="1" tag="264"><subfield code="a">Zürich</subfield><subfield code="a">Leipzig</subfield><subfield code="b">Orell Füssli</subfield><subfield code="c">[1930]</subfield></datafield><datafield ind1=" " ind2=" " tag="300"><subfield code="a">109 p.</subfield><subfield code="c">23 cm</subfield></datafield><datafield ind1=" " ind2=" " tag="336"><subfield code="b">txt</subfield><subfield code="2">rdacontent</subfield></datafield><datafield ind1=" " ind2=" " tag="337"><subfield code="b">n</subfield><subfield code="2">rdamedia</subfield></datafield><datafield ind1=" " ind2=" " tag="338"><subfield code="b">nc</subfield><subfield code="2">rdacarrier</subfield></datafield><datafield ind1="1" ind2=" " tag="490"><subfield code="a">Druckschrift / Schweizerische Vereinigung für internationales Recht = Publication / Société suisse de droit international</subfield><subfield code="v">No 25</subfield></datafield><datafield ind1=" " ind2=" " tag="500"><subfield code="a">Tex dt. oder franz.</subfield></datafield><datafield ind1=" " ind2=" " tag="500"><subfield code="a">Anlagen: Berichte der Kommissionen, Entwürfe und Vorschläge der Konferenz</subfield></datafield><datafield ind1="2" ind2="7" tag="611"><subfield code="a">Conférence de la Haye de droit international privé</subfield><subfield code="0">(RERO)A010067601</subfield><subfield code="2">rero</subfield></datafield><datafield ind1=" " ind2="7" tag="650"><subfield code="a">internationales Privatrecht</subfield><subfield code="9">ger</subfield><subfield code="0">(RERO)jurivoc000011981ger</subfield><subfield code="2">jurivoc</subfield></datafield><datafield ind1=" " ind2="7" tag="650"><subfield code="a">international</subfield><subfield code="9">ger</subfield><subfield code="0">(RERO)jurivoc000011874ger</subfield><subfield code="2">jurivoc</subfield></datafield><datafield ind1=" " ind2="7" tag="650"><subfield code="a">Rechtsvereinheitlichung</subfield><subfield code="9">ger</subfield><subfield code="0">(RERO)jurivoc000018478ger</subfield><subfield code="2">jurivoc</subfield></datafield><datafield ind1=" " ind2="7" tag="650"><subfield code="a">Haager Konferenz für internationales Privatrecht</subfield><subfield code="9">ger</subfield><subfield code="0">(RERO)jurivoc000050400ger</subfield><subfield code="2">jurivoc</subfield></datafield><datafield ind1=" " ind2="7" tag="655"><subfield code="a">Publications officielles</subfield><subfield code="0">(IDREF)027241769</subfield><subfield code="2">idref</subfield></datafield><datafield ind1=" " ind2="7" tag="655"><subfield code="a">Konferenzschrift</subfield><subfield code="y">1929</subfield><subfield code="2">gnd-content</subfield></datafield><datafield ind1=" " ind2=" " tag="690"><subfield code="a">Haager Konferenzen für internationales Privatrecht</subfield><subfield code="2">uzb-Z9</subfield></datafield><datafield ind1=" " ind2=" " tag="690"><subfield code="a">Internationales Privatrecht / Quellen, Materialien</subfield><subfield code="2">uzb-Z9</subfield></datafield><datafield ind1="1" ind2=" " tag="700"><subfield code="a">Alexander, Emil</subfield><subfield code="0">(IDREF)136223877</subfield></datafield><datafield ind1="1" ind2=" " tag="700"><subfield code="a">Guex, R.</subfield></datafield><datafield ind1="1" ind2=" " tag="700"><subfield code="a">Alexander, Emil</subfield></datafield><datafield ind1="1" ind2=" " tag="700"><subfield code="a">Merz, V.</subfield></datafield><datafield ind1="1" ind2=" " tag="700"><subfield code="a">Alexandre, Emil</subfield><subfield code="0">(RERO)A017086542</subfield></datafield><datafield ind1="1" ind2=" " tag="700"><subfield code="a">Guex, Robert</subfield><subfield code="0">(IDREF)193593009</subfield></datafield><datafield ind1="2" ind2=" " tag="710"><subfield code="a">Schweizerische Vereinigung für Internationales Recht</subfield><subfield code="0">(DE-588)25764-3</subfield></datafield><datafield ind1="2" ind2=" " tag="711"><subfield code="a">Haager Konferenz für Internationales Privatrecht</subfield><subfield code="g">Veranstaltung</subfield><subfield code="0">(DE-588)5670-4</subfield></datafield><datafield ind1="2" ind2=" " tag="711"><subfield code="a">Conférence de La Haye de droit international privé</subfield><subfield code="n">6</subfield><subfield code="d">1928</subfield><subfield code="c">Den Haag</subfield><subfield code="0">(RERO)A017086543</subfield></datafield><datafield ind1=" " ind2="0" tag="830"><subfield code="a">Druckschrift</subfield><subfield code="v">25</subfield><subfield code="w">(NEBIS)003867683EBI01</subfield></datafield><datafield ind1=" " ind2="0" tag="830"><subfield code="a">Druckschrift / Schweizerische Vereinigung für Internationales Recht</subfield><subfield code="v">25</subfield><subfield code="w">(RERO)0536381-41slsp</subfield></datafield><datafield ind1=" " ind2=" " tag="900"><subfield code="a">IDSZ1ZH</subfield></datafield><datafield ind1=" " ind2=" " tag="900"><subfield code="a">IDSZ2rwimon200712i</subfield><subfield code="c">IDSZ2paru 071217</subfield></datafield></record>
</metadata></record>