<record><header><identifier>oai:alma.41SLSP_UGE:991000787139705502</identifier><datestamp>2023-03-01T01:09:51Z</datestamp><setSpec>uge_bcen_RapidILL_BOOK</setSpec><setSpec>uge_aaca_RapidILL_BOOK</setSpec><setSpec>uge_abels_RapidILL_BOOK</setSpec><setSpec>uge_dbu_RapidILL_BOOK</setSpec><setSpec>uge_cmu_RapidILL_BOOK</setSpec><setSpec>uge_mail_RapidILL_BOOK</setSpec><setSpec>UNIGE_ALL</setSpec><setSpec>uge_abbat_RapidILL_BOOK</setSpec><setSpec>uge_aobs_RapidILL_BOOK</setSpec><setSpec>uge_acar_RapidILL_BOOK</setSpec></header><metadata>
<record xmlns="http://www.loc.gov/MARC21/slim" xmlns:xsi="http://www.w3.org/2001/XMLSchema-instance" xsi:schemaLocation="http://www.loc.gov/MARC21/slim http://www.loc.gov/standards/marcxml/schema/MARC21slim.xsd"><leader>01064nam a2200313 c 4500</leader><controlfield tag="001">991000787139705502</controlfield><controlfield tag="005">20230210180701.0</controlfield><controlfield tag="008">120518s1975    sp ||||| |||| 00| ||spa d</controlfield><datafield ind1=" " ind2=" " tag="020"><subfield code="a">8470392301</subfield></datafield><datafield ind1=" " ind2=" " tag="035"><subfield code="a">(swissbib)115943722-41slsp_network</subfield></datafield><datafield ind1=" " ind2=" " tag="035"><subfield code="a">115943722</subfield><subfield code="9">ExL</subfield></datafield><datafield ind1=" " ind2=" " tag="035"><subfield code="a">(RERO)R007066136-41slsp</subfield></datafield><datafield ind1=" " ind2=" " tag="035"><subfield code="a">(EXLNZ-41SLSP_NETWORK)991110880629705501</subfield></datafield><datafield ind1=" " ind2=" " tag="040"><subfield code="a">RERO geulit</subfield><subfield code="d">CH-ZuSLS</subfield></datafield><datafield ind1=" " ind2="7" tag="072"><subfield code="a">es</subfield><subfield code="2">rero</subfield></datafield><datafield ind1="0" ind2="0" tag="245"><subfield code="a">&lt;&lt;El&gt;&gt; año literario español 1975</subfield><subfield code="c">José Luis Abellán, Xesús Alonso Montero... [et al.]</subfield></datafield><datafield ind1=" " ind2="1" tag="264"><subfield code="a">Madrid</subfield><subfield code="b">Castalia</subfield><subfield code="c">1975</subfield></datafield><datafield ind1=" " ind2=" " tag="300"><subfield code="a">187 p.</subfield></datafield><datafield ind1=" " ind2=" " tag="336"><subfield code="b">txt</subfield><subfield code="2">rdacontent</subfield></datafield><datafield ind1=" " ind2=" " tag="337"><subfield code="b">n</subfield><subfield code="2">rdamedia</subfield></datafield><datafield ind1=" " ind2=" " tag="338"><subfield code="b">nc</subfield><subfield code="2">rdacarrier</subfield></datafield><datafield ind1="1" ind2=" " tag="490"><subfield code="a">Literatura y sociedad</subfield><subfield code="v">11</subfield></datafield><datafield ind1=" " ind2="7" tag="650"><subfield code="a">Littérature espagnole</subfield><subfield code="0">(IDREF)027236897</subfield><subfield code="2">idref</subfield></datafield><datafield ind1=" " ind2="7" tag="650"><subfield code="a">1974-1975</subfield><subfield code="2">rero</subfield></datafield><datafield ind1=" " ind2="7" tag="650"><subfield code="a">Vie littéraire</subfield><subfield code="0">(IDREF)169177289</subfield><subfield code="2">idref</subfield></datafield><datafield ind1=" " ind2="7" tag="651"><subfield code="a">Espagne</subfield><subfield code="0">(IDREF)027224406</subfield><subfield code="2">idref</subfield></datafield><datafield ind1="1" ind2=" " tag="700"><subfield code="a">Abellán, José Luis</subfield><subfield code="d">1933-....</subfield><subfield code="0">(IDREF)02667629X</subfield></datafield><datafield ind1="1" ind2=" " tag="700"><subfield code="a">Alonso Montero, Xesús</subfield><subfield code="d">1928-....</subfield><subfield code="0">(IDREF)032035780</subfield></datafield><datafield ind1=" " ind2="0" tag="830"><subfield code="a">Literatura y Sociedad</subfield><subfield code="v">11</subfield></datafield><datafield ind1=" " ind2=" " tag="900"><subfield code="a">REROnoselfmerge</subfield></datafield><datafield ind1=" " ind2=" " tag="993"><subfield code="a">BFLA 234307/2</subfield><subfield code="x">ge/ules/a/FLz 1047/2</subfield><subfield code="9">LOCAL</subfield></datafield></record>
</metadata></record>