<record><header><identifier>oai:alma.41SLSP_UGE:991000787869705502</identifier><datestamp>2023-12-15T01:26:00Z</datestamp><setSpec>uge_bcen_RapidILL_BOOK</setSpec><setSpec>uge_aaca_RapidILL_BOOK</setSpec><setSpec>uge_abels_RapidILL_BOOK</setSpec><setSpec>uge_dbu_RapidILL_BOOK</setSpec><setSpec>uge_cmu_RapidILL_BOOK</setSpec><setSpec>uge_mail_RapidILL_BOOK</setSpec><setSpec>uge_abbat_RapidILL_BOOK</setSpec><setSpec>UNIGE_ALL</setSpec><setSpec>uge_aobs_RapidILL_BOOK</setSpec><setSpec>uge_acar_RapidILL_BOOK</setSpec></header><metadata>
<record xmlns="http://www.loc.gov/MARC21/slim" xmlns:xsi="http://www.w3.org/2001/XMLSchema-instance" xsi:schemaLocation="http://www.loc.gov/MARC21/slim http://www.loc.gov/standards/marcxml/schema/MARC21slim.xsd"><leader>02349nam a2200577 c 4500</leader><controlfield tag="001">991000787869705502</controlfield><controlfield tag="005">20230217203519.0</controlfield><controlfield tag="008">201011s2009    gw ||||| |||| 00| ||ita d</controlfield><datafield ind1=" " ind2=" " tag="015"><subfield code="a">GFR-CIP-09,N22,3907</subfield><subfield code="a">DNB-09,A36,0426</subfield></datafield><datafield ind1=" " ind2=" " tag="020"><subfield code="a">9783883094915</subfield><subfield code="c">kart. : EUR 70.00</subfield></datafield><datafield ind1="7" ind2=" " tag="024"><subfield code="a">http://catalogue.bnf.fr/ark:/12148/cb42517429b</subfield><subfield code="2">uri</subfield></datafield><datafield ind1=" " ind2=" " tag="035"><subfield code="a">(swissbib)22630339X-41slsp_network</subfield></datafield><datafield ind1=" " ind2=" " tag="035"><subfield code="a">22630339X</subfield><subfield code="9">ExL</subfield></datafield><datafield ind1=" " ind2=" " tag="035"><subfield code="a">(RERO)R006116367-41slsp</subfield></datafield><datafield ind1=" " ind2=" " tag="035"><subfield code="a">(IDSBB)005701732DSV01</subfield></datafield><datafield ind1=" " ind2=" " tag="035"><subfield code="a">(NEBIS)005891229EBI01</subfield></datafield><datafield ind1=" " ind2=" " tag="035"><subfield code="a">(EXLNZ-41SLSP_NETWORK)991115034619705501</subfield></datafield><datafield ind1=" " ind2=" " tag="040"><subfield code="a">Pica</subfield><subfield code="d">CH-ZuSLS</subfield></datafield><datafield ind1="0" ind2=" " tag="041"><subfield code="a">ita</subfield><subfield code="a">lat</subfield></datafield><datafield ind1=" " ind2="7" tag="072"><subfield code="a">la</subfield><subfield code="2">rero</subfield></datafield><datafield ind1=" " ind2="7" tag="072"><subfield code="a">kp</subfield><subfield code="2">SzZuIDS BS/BE</subfield></datafield><datafield ind1="1" ind2=" " tag="080"><subfield code="a">871CICE7ProCl</subfield></datafield><datafield ind1="0" ind2="0" tag="082"><subfield code="a">340.54</subfield></datafield><datafield ind1="0" ind2="4" tag="082"><subfield code="a">930</subfield></datafield><datafield ind1="0" ind2="4" tag="082"><subfield code="a">340</subfield><subfield code="a">930</subfield></datafield><datafield ind1=" " ind2=" " tag="084"><subfield code="a">FX 152225</subfield><subfield code="2">rvk</subfield></datafield><datafield ind1="1" ind2=" " tag="100"><subfield code="a">Patimo, Valeria Maria</subfield><subfield code="0">(IDREF)14645300X</subfield><subfield code="4">cre</subfield></datafield><datafield ind1="1" ind2="0" tag="245"><subfield code="a">&lt;&lt;La&gt;&gt; &quot;Pro Cluentio&quot; di Cicerone</subfield><subfield code="b">introduzione e commento dei §§ 1-81</subfield><subfield code="c">Valeria Maria Patimo</subfield></datafield><datafield ind1=" " ind2="1" tag="264"><subfield code="a">Nordhausen</subfield><subfield code="b">Bautz</subfield><subfield code="c">2009</subfield></datafield><datafield ind1=" " ind2=" " tag="300"><subfield code="a">647 S.</subfield><subfield code="c">23 cm</subfield></datafield><datafield ind1=" " ind2=" " tag="336"><subfield code="b">txt</subfield><subfield code="2">rdacontent</subfield></datafield><datafield ind1=" " ind2=" " tag="337"><subfield code="b">n</subfield><subfield code="2">rdamedia</subfield></datafield><datafield ind1=" " ind2=" " tag="338"><subfield code="b">nc</subfield><subfield code="2">rdacarrier</subfield></datafield><datafield ind1="1" ind2=" " tag="490"><subfield code="a">Studia classica et mediaevalia</subfield><subfield code="v">Bd. 1</subfield></datafield><datafield ind1=" " ind2=" " tag="502"><subfield code="a">Zugl.: Bari, Univ. degli Studi Aldo Moro, Diss., 2004</subfield></datafield><datafield ind1="0" ind2="7" tag="600"><subfield code="a">Cicéron.</subfield><subfield code="t">&quot;Pro Cluentio.</subfield><subfield code="n">1 - 81&quot;</subfield><subfield code="2">rero</subfield></datafield><datafield ind1="1" ind2="7" tag="600"><subfield code="a">Cicero, Marcus Tullius</subfield><subfield code="d">v106-v43</subfield><subfield code="t">Pro Cluentio</subfield><subfield code="0">(DE-588)4241528-7</subfield><subfield code="2">gnd</subfield></datafield><datafield ind1="1" ind2="7" tag="600"><subfield code="a">Cicero, Marcus T.; Pro Cluentio</subfield><subfield code="2">idszbz</subfield></datafield><datafield ind1="1" ind2="7" tag="600"><subfield code="a">Cicero, Marcus Tullius</subfield><subfield code="d">v106-v43</subfield><subfield code="0">(DE-588)118520814</subfield><subfield code="2">gnd</subfield></datafield><datafield ind1="1" ind2="0" tag="600"><subfield code="a">Cicero, Marcus Tullius</subfield><subfield code="t">Pro Cluentio</subfield></datafield><datafield ind1=" " ind2="7" tag="655"><subfield code="a">Commentaire de texte</subfield><subfield code="0">(IDREF)27790681</subfield><subfield code="2">idref</subfield></datafield><datafield ind1=" " ind2="7" tag="655"><subfield code="a">Kommentar</subfield><subfield code="2">gnd-content</subfield></datafield><datafield ind1=" " ind2="7" tag="655"><subfield code="a">Hochschulschrift</subfield><subfield code="2">gnd-content</subfield></datafield><datafield ind1="1" ind2=" " tag="700"><subfield code="a">Cicero, Marcus Tullius</subfield><subfield code="d">v106-v43</subfield><subfield code="0">(DE-588)118520814</subfield></datafield><datafield ind1="1" ind2="2" tag="700"><subfield code="a">Cicero, Marcus Tullius</subfield><subfield code="d">v106-v43</subfield><subfield code="t">Orationes</subfield><subfield code="p">Pro Cluentio Habito</subfield></datafield><datafield ind1="4" ind2=" " tag="856"><subfield code="3">Titelblatt und Inhaltsverzeichnis</subfield><subfield code="u">https://toc.library.ethz.ch/objects/pdf/z01_978-3-88309-491-5_01.pdf</subfield><subfield code="q">pdf</subfield></datafield><datafield ind1=" " ind2="0" tag="830"><subfield code="a">Studia classica et mediaevalia</subfield><subfield code="v">1</subfield><subfield code="w">(IDSBB)005657561DSV01</subfield></datafield><datafield ind1=" " ind2="0" tag="830"><subfield code="a">Studia classica et mediaevalia</subfield><subfield code="p">Bautz</subfield><subfield code="v">1</subfield><subfield code="w">(RERO)R006274887-41slsp</subfield></datafield><datafield ind1=" " ind2=" " tag="900"><subfield code="a">REROnoselfmerge</subfield></datafield><datafield ind1=" " ind2=" " tag="900"><subfield code="a">IDSZ2zbzmon200911f</subfield><subfield code="c">IDSZ2kloe</subfield><subfield code="d">IDSZ2zbzswk200911b</subfield><subfield code="e">IDSZ2bruu</subfield></datafield><datafield ind1=" " ind2=" " tag="910"><subfield code="a">HEBIS</subfield><subfield code="b">20110802</subfield><subfield code="c">Droits réservés</subfield></datafield><datafield ind1=" " ind2=" " tag="949"><subfield code="a">https://toc.library.ethz.ch/objects/pdf/z01_978-3-88309-491-5_01.pdf</subfield></datafield></record>
</metadata></record>