<record><header><identifier>oai:alma.41SLSP_UGE:991000787169705502</identifier><datestamp>2024-03-21T01:19:27Z</datestamp><setSpec>uge_bcen_RapidILL_BOOK</setSpec><setSpec>uge_aaca_RapidILL_BOOK</setSpec><setSpec>uge_abels_RapidILL_BOOK</setSpec><setSpec>uge_dbu_RapidILL_BOOK</setSpec><setSpec>uge_cmu_RapidILL_BOOK</setSpec><setSpec>uge_mail_RapidILL_BOOK</setSpec><setSpec>uge_abbat_RapidILL_BOOK</setSpec><setSpec>UNIGE_ALL</setSpec><setSpec>uge_aobs_RapidILL_BOOK</setSpec><setSpec>uge_acar_RapidILL_BOOK</setSpec></header><metadata>
<record xmlns="http://www.loc.gov/MARC21/slim" xmlns:xsi="http://www.w3.org/2001/XMLSchema-instance" xsi:schemaLocation="http://www.loc.gov/MARC21/slim http://www.loc.gov/standards/marcxml/schema/MARC21slim.xsd"><leader>00711nam a2200241 c 4500</leader><controlfield tag="001">991000787169705502</controlfield><controlfield tag="005">20240320233848.0</controlfield><controlfield tag="008">950119s1792    sz ||||| |||| 00| ||fre d</controlfield><datafield ind1=" " ind2=" " tag="035"><subfield code="a">(swissbib)089565282-41slsp_network</subfield></datafield><datafield ind1=" " ind2=" " tag="035"><subfield code="a">089565282</subfield><subfield code="9">ExL</subfield></datafield><datafield ind1=" " ind2=" " tag="035"><subfield code="a">(RERO)1967326-41slsp</subfield></datafield><datafield ind1=" " ind2=" " tag="035"><subfield code="a">(EXLNZ-41SLSP_NETWORK)991064356439705501</subfield></datafield><datafield ind1=" " ind2=" " tag="040"><subfield code="a">RERO geulhg</subfield><subfield code="d">CH-ZuSLS</subfield></datafield><datafield ind1=" " ind2=" " tag="044"><subfield code="a">sz</subfield><subfield code="c">ch-ge</subfield></datafield><datafield ind1=" " ind2="7" tag="072"><subfield code="a">dr</subfield><subfield code="2">rero</subfield></datafield><datafield ind1="0" ind2="0" tag="245"><subfield code="a">Code genevois</subfield></datafield><datafield ind1="1" ind2=" " tag="246"><subfield code="a">Code genevois</subfield></datafield><datafield ind1=" " ind2="1" tag="264"><subfield code="a">[Lieu de publication non identifié]</subfield><subfield code="b">[éditeur non identifié]</subfield><subfield code="c">1792</subfield></datafield><datafield ind1=" " ind2=" " tag="300"><subfield code="a">XX, 578 p.</subfield><subfield code="c">22 cm</subfield></datafield><datafield ind1=" " ind2=" " tag="336"><subfield code="b">txt</subfield><subfield code="2">rdacontent</subfield></datafield><datafield ind1=" " ind2=" " tag="337"><subfield code="b">n</subfield><subfield code="2">rdamedia</subfield></datafield><datafield ind1=" " ind2=" " tag="338"><subfield code="b">nc</subfield><subfield code="2">rdacarrier</subfield></datafield><datafield ind1="1" ind2="2" tag="710"><subfield code="a">Genève (République)</subfield><subfield code="t">Lois et arrêtés</subfield></datafield><datafield ind1=" " ind2=" " tag="900"><subfield code="a">REROswissbibnomerge</subfield></datafield></record>
</metadata></record>