<record><header><identifier>oai:alma.41SLSP_UGE:991000787909705502</identifier><datestamp>2023-03-01T01:09:51Z</datestamp><setSpec>uge_bcen_RapidILL_BOOK</setSpec><setSpec>uge_aaca_RapidILL_BOOK</setSpec><setSpec>uge_abels_RapidILL_BOOK</setSpec><setSpec>uge_dbu_RapidILL_BOOK</setSpec><setSpec>uge_cmu_RapidILL_BOOK</setSpec><setSpec>uge_mail_RapidILL_BOOK</setSpec><setSpec>UNIGE_ALL</setSpec><setSpec>uge_abbat_RapidILL_BOOK</setSpec><setSpec>uge_aobs_RapidILL_BOOK</setSpec><setSpec>uge_acar_RapidILL_BOOK</setSpec></header><metadata>
<record xmlns="http://www.loc.gov/MARC21/slim" xmlns:xsi="http://www.w3.org/2001/XMLSchema-instance" xsi:schemaLocation="http://www.loc.gov/MARC21/slim http://www.loc.gov/standards/marcxml/schema/MARC21slim.xsd"><leader>02148nam a2200505 c 4500</leader><controlfield tag="001">991000787909705502</controlfield><controlfield tag="005">20210207212840.0</controlfield><controlfield tag="008">201011s1990    ne ||||| |||| 00| ||fre d</controlfield><datafield ind1=" " ind2=" " tag="020"><subfield code="a">9789004092105</subfield></datafield><datafield ind1=" " ind2=" " tag="020"><subfield code="a">9004092102</subfield></datafield><datafield ind1=" " ind2=" " tag="035"><subfield code="a">(swissbib)211665509-41slsp_network</subfield></datafield><datafield ind1=" " ind2=" " tag="035"><subfield code="a">211665509</subfield><subfield code="9">ExL</subfield></datafield><datafield ind1=" " ind2=" " tag="035"><subfield code="a">(RERO)R006325110-41slsp</subfield></datafield><datafield ind1=" " ind2=" " tag="035"><subfield code="a">(NEBIS)000581104EBI01</subfield></datafield><datafield ind1=" " ind2=" " tag="035"><subfield code="a">(EXLNZ-41SLSP_NETWORK)991123288549705501</subfield></datafield><datafield ind1=" " ind2=" " tag="040"><subfield code="a">AU@</subfield><subfield code="d">CH-ZuSLS</subfield></datafield><datafield ind1="0" ind2=" " tag="041"><subfield code="a">fre</subfield><subfield code="a">eng</subfield></datafield><datafield ind1=" " ind2="4" tag="050"><subfield code="a">QD24.M48</subfield><subfield code="b">E89 1990</subfield></datafield><datafield ind1=" " ind2="0" tag="060"><subfield code="a">HH4227</subfield><subfield code="a">[Q 125]</subfield></datafield><datafield ind1=" " ind2="7" tag="072"><subfield code="a">ph</subfield><subfield code="2">rero</subfield></datafield><datafield ind1="0" ind2="0" tag="245"><subfield code="a">Etudes sur Hélène Metzger</subfield><subfield code="b">= Studies on Hélène Metzger</subfield><subfield code="c">réunies et présentées par Gad Freudenthal</subfield></datafield><datafield ind1="1" ind2=" " tag="246"><subfield code="a">Studies on Hélène Metzger</subfield></datafield><datafield ind1=" " ind2="1" tag="264"><subfield code="a">Leiden</subfield><subfield code="a">New York</subfield><subfield code="b">E.J. Brill</subfield><subfield code="c">1990</subfield></datafield><datafield ind1=" " ind2=" " tag="300"><subfield code="a">282 S.</subfield><subfield code="c">25 cm</subfield></datafield><datafield ind1=" " ind2=" " tag="336"><subfield code="b">txt</subfield><subfield code="2">rdacontent</subfield></datafield><datafield ind1=" " ind2=" " tag="337"><subfield code="b">n</subfield><subfield code="2">rdamedia</subfield></datafield><datafield ind1=" " ind2=" " tag="338"><subfield code="b">nc</subfield><subfield code="2">rdacarrier</subfield></datafield><datafield ind1="1" ind2=" " tag="490"><subfield code="a">Collection des travaux de l'Académie internationale d'histoire des sciences</subfield><subfield code="v">N° 32</subfield></datafield><datafield ind1=" " ind2=" " tag="500"><subfield code="a">Papers in English and French</subfield></datafield><datafield ind1=" " ind2=" " tag="500"><subfield code="a">Contributions précédemment publ. dans Corpus, 8/9 (1988)</subfield></datafield><datafield ind1=" " ind2=" " tag="500"><subfield code="a">&quot;The contributions to this volume have been published in Corpus, (8/9) 1988&quot;</subfield></datafield><datafield ind1="1" ind2="2" tag="600"><subfield code="a">Metzger, Hélène</subfield></datafield><datafield ind1="1" ind2="7" tag="600"><subfield code="a">Metzger, Hélène</subfield><subfield code="d">1889-1944</subfield><subfield code="0">(DE-588)119090074</subfield><subfield code="2">gnd</subfield></datafield><datafield ind1=" " ind2="0" tag="650"><subfield code="a">Science</subfield><subfield code="x">History</subfield></datafield><datafield ind1=" " ind2="2" tag="650"><subfield code="a">Science</subfield><subfield code="x">history</subfield></datafield><datafield ind1=" " ind2="7" tag="650"><subfield code="a">BIOGRAPHIEN (LEBEN UND WERK)</subfield><subfield code="9">ger</subfield><subfield code="0">(ETHUDK)000036789</subfield><subfield code="2">ethudk</subfield></datafield><datafield ind1=" " ind2="7" tag="650"><subfield code="a">FRANKREICH (WESTEUROPA). FRANZÖSISCHE REPUBLIK</subfield><subfield code="9">ger</subfield><subfield code="0">(ETHUDK)000003272</subfield><subfield code="2">ethudk</subfield></datafield><datafield ind1=" " ind2="7" tag="650"><subfield code="a">KRISTALLOGRAPHIE</subfield><subfield code="9">ger</subfield><subfield code="0">(ETHUDK)000019579</subfield><subfield code="2">ethudk</subfield></datafield><datafield ind1=" " ind2="7" tag="650"><subfield code="a">WISSENSCHAFTSGESCHICHTE</subfield><subfield code="9">ger</subfield><subfield code="0">(ETHUDK)000041769</subfield><subfield code="2">ethudk</subfield></datafield><datafield ind1=" " ind2="7" tag="650"><subfield code="a">&quot;1889/1944&quot;</subfield><subfield code="2">ethudk</subfield></datafield><datafield ind1="1" ind2=" " tag="700"><subfield code="a">Metzger, Hélène</subfield><subfield code="d">1889-1944</subfield><subfield code="0">(DE-588)119090074</subfield></datafield><datafield ind1="1" ind2=" " tag="700"><subfield code="a">Freudenthal, Gad</subfield><subfield code="d">1944-....</subfield><subfield code="0">(IDREF)029301092</subfield></datafield><datafield ind1=" " ind2="0" tag="830"><subfield code="a">Collection de travaux de l'Académie Internationale d'Histoire des Sciences</subfield><subfield code="v">32</subfield><subfield code="w">(NEBIS)000988822EBI01</subfield></datafield><datafield ind1=" " ind2="0" tag="830"><subfield code="a">Collection des travaux de l'Académie internationale d'histoire des sciences</subfield><subfield code="v">32</subfield><subfield code="w">(RERO)0028988-41slsp</subfield></datafield><datafield ind1=" " ind2=" " tag="900"><subfield code="a">REROnoselfmerge</subfield></datafield><datafield ind1=" " ind2=" " tag="910"><subfield code="a">OCoLC</subfield><subfield code="b">20111102</subfield><subfield code="c">Droits réservés</subfield></datafield></record>
</metadata></record>