<record><header><identifier>oai:alma.41SLSP_UGE:991000787279705502</identifier><datestamp>2023-03-01T01:09:51Z</datestamp><setSpec>uge_bcen_RapidILL_BOOK</setSpec><setSpec>uge_aaca_RapidILL_BOOK</setSpec><setSpec>uge_abels_RapidILL_BOOK</setSpec><setSpec>uge_dbu_RapidILL_BOOK</setSpec><setSpec>uge_cmu_RapidILL_BOOK</setSpec><setSpec>uge_mail_RapidILL_BOOK</setSpec><setSpec>UNIGE_ALL</setSpec><setSpec>uge_abbat_RapidILL_BOOK</setSpec><setSpec>uge_acar_RapidILL_BOOK</setSpec><setSpec>uge_aobs_RapidILL_BOOK</setSpec></header><metadata>
<record xmlns="http://www.loc.gov/MARC21/slim" xmlns:xsi="http://www.w3.org/2001/XMLSchema-instance" xsi:schemaLocation="http://www.loc.gov/MARC21/slim http://www.loc.gov/standards/marcxml/schema/MARC21slim.xsd"><leader>01429nam a2200409 ca4500</leader><controlfield tag="001">991000787279705502</controlfield><controlfield tag="005">20230204204706.0</controlfield><controlfield tag="008">201011s1951    xxk||||| |||| 00| ||eng d</controlfield><datafield ind1=" " ind2=" " tag="035"><subfield code="a">(swissbib)21496633X-41slsp_network</subfield></datafield><datafield ind1=" " ind2=" " tag="035"><subfield code="a">21496633X</subfield><subfield code="9">ExL</subfield></datafield><datafield ind1=" " ind2=" " tag="035"><subfield code="a">(RERO)R004521956-41slsp</subfield></datafield><datafield ind1=" " ind2=" " tag="035"><subfield code="a">(IDSBB)000610750DSV01</subfield></datafield><datafield ind1=" " ind2=" " tag="035"><subfield code="a">(EXLNZ-41SLSP_NETWORK)991085808029705501</subfield></datafield><datafield ind1=" " ind2=" " tag="040"><subfield code="a">RERO gefoha</subfield><subfield code="d">CH-ZuSLS</subfield></datafield><datafield ind1="1" ind2=" " tag="041"><subfield code="a">eng</subfield><subfield code="a">grc</subfield><subfield code="h">grc</subfield></datafield><datafield ind1=" " ind2=" " tag="044"><subfield code="a">xxk</subfield><subfield code="a">xxu</subfield></datafield><datafield ind1=" " ind2="7" tag="072"><subfield code="a">gr</subfield><subfield code="2">rero</subfield></datafield><datafield ind1=" " ind2="7" tag="072"><subfield code="a">kp</subfield><subfield code="2">SzZuIDS BS/BE</subfield></datafield><datafield ind1="0" ind2="0" tag="245"><subfield code="a">Selections illustrating the history of Greek mathematics</subfield><subfield code="c">with an English transl. by Ivor Thomas</subfield></datafield><datafield ind1="1" ind2=" " tag="246"><subfield code="a">Greek Mathematics</subfield></datafield><datafield ind1=" " ind2="1" tag="264"><subfield code="a">London</subfield><subfield code="b">W. Heinemann</subfield><subfield code="a">Cambridge Mass.</subfield><subfield code="b">Harvard University Press</subfield><subfield code="c">1951</subfield></datafield><datafield ind1=" " ind2=" " tag="300"><subfield code="a">2 vol.</subfield><subfield code="b">fig.</subfield><subfield code="c">17 cm</subfield></datafield><datafield ind1=" " ind2=" " tag="336"><subfield code="b">txt</subfield><subfield code="2">rdacontent</subfield></datafield><datafield ind1=" " ind2=" " tag="337"><subfield code="b">n</subfield><subfield code="2">rdamedia</subfield></datafield><datafield ind1=" " ind2=" " tag="338"><subfield code="b">nc</subfield><subfield code="2">rdacarrier</subfield></datafield><datafield ind1="1" ind2=" " tag="490"><subfield code="a">The Loeb classical library</subfield><subfield code="v">335, 362</subfield></datafield><datafield ind1=" " ind2=" " tag="500"><subfield code="a">1ère éd. complète en 1939</subfield></datafield><datafield ind1="0" ind2="0" tag="505"><subfield code="g">1</subfield><subfield code="t">From Thales to Euclid</subfield></datafield><datafield ind1="0" ind2="0" tag="505"><subfield code="g">2</subfield><subfield code="t">From Aristarchus to Pappus</subfield></datafield><datafield ind1=" " ind2="4" tag="648"><subfield code="a">Geschichte</subfield></datafield><datafield ind1=" " ind2="7" tag="650"><subfield code="a">Mathématiques</subfield><subfield code="0">(IDREF)02723875X</subfield><subfield code="2">idref</subfield></datafield><datafield ind1=" " ind2="4" tag="650"><subfield code="a">Mathematik</subfield></datafield><datafield ind1=" " ind2="7" tag="651"><subfield code="a">Grèce</subfield><subfield code="y">Jusqu'à 395</subfield><subfield code="0">(IDREF)027355802</subfield><subfield code="2">idref</subfield></datafield><datafield ind1=" " ind2="4" tag="651"><subfield code="a">Griechenland (Altertum)</subfield></datafield><datafield ind1=" " ind2="7" tag="655"><subfield code="a">Anthologies</subfield><subfield code="0">(IDREF)027269493</subfield><subfield code="2">idref</subfield></datafield><datafield ind1="1" ind2=" " tag="700"><subfield code="a">Thomas, Ivor</subfield><subfield code="d">1905-1993</subfield><subfield code="0">(IDREF)032501234</subfield></datafield><datafield ind1=" " ind2=" " tag="830"><subfield code="a">&lt;&lt;The&gt;&gt; Loeb classical library</subfield><subfield code="v">335,362</subfield><subfield code="w">(RERO)0080366-41slsp</subfield></datafield><datafield ind1=" " ind2=" " tag="900"><subfield code="a">REROnoselfmerge</subfield></datafield></record>
</metadata></record>