<record><header><identifier>oai:alma.41SLSP_UGE:991000787889705502</identifier><datestamp>2024-03-09T01:25:52Z</datestamp><setSpec>uge_bcen_RapidILL_BOOK</setSpec><setSpec>uge_aaca_RapidILL_BOOK</setSpec><setSpec>uge_abels_RapidILL_BOOK</setSpec><setSpec>uge_dbu_RapidILL_BOOK</setSpec><setSpec>uge_cmu_RapidILL_BOOK</setSpec><setSpec>uge_mail_RapidILL_BOOK</setSpec><setSpec>uge_abbat_RapidILL_BOOK</setSpec><setSpec>UNIGE_ALL</setSpec><setSpec>uge_acar_RapidILL_BOOK</setSpec><setSpec>uge_aobs_RapidILL_BOOK</setSpec></header><metadata>
<record xmlns="http://www.loc.gov/MARC21/slim" xmlns:xsi="http://www.w3.org/2001/XMLSchema-instance" xsi:schemaLocation="http://www.loc.gov/MARC21/slim http://www.loc.gov/standards/marcxml/schema/MARC21slim.xsd"><leader>02070nam a2200637 c 4500</leader><controlfield tag="001">991000787889705502</controlfield><controlfield tag="005">20240308232752.0</controlfield><controlfield tag="008">201011t19771977gw ||||| |||| 00| ||ger d</controlfield><datafield ind1=" " ind2=" " tag="015"><subfield code="a">57711715</subfield><subfield code="2">bnf</subfield></datafield><datafield ind1=" " ind2=" " tag="020"><subfield code="a">3798800456</subfield></datafield><datafield ind1=" " ind2=" " tag="020"><subfield code="a">9783798800458</subfield></datafield><datafield ind1="7" ind2=" " tag="024"><subfield code="a">http://catalogue.bnf.fr/ark:/12148/cb354069491</subfield><subfield code="2">uri</subfield></datafield><datafield ind1=" " ind2=" " tag="035"><subfield code="a">(swissbib)228155274-41slsp_network</subfield></datafield><datafield ind1=" " ind2=" " tag="035"><subfield code="a">228155274</subfield><subfield code="9">ExL</subfield></datafield><datafield ind1=" " ind2=" " tag="035"><subfield code="a">(RERO)0127065-41slsp</subfield></datafield><datafield ind1=" " ind2=" " tag="035"><subfield code="a">(IDSLU)000604708ILU01</subfield></datafield><datafield ind1=" " ind2=" " tag="035"><subfield code="a">(NEBIS)002917777EBI01</subfield></datafield><datafield ind1=" " ind2=" " tag="035"><subfield code="a">(IDSBB)000137151DSV01</subfield></datafield><datafield ind1=" " ind2=" " tag="035"><subfield code="a">(OCoLC)463171977</subfield></datafield><datafield ind1=" " ind2=" " tag="035"><subfield code="a">(ABN)000180933ABN01</subfield></datafield><datafield ind1=" " ind2=" " tag="035"><subfield code="a">(EXLNZ-41SLSP_NETWORK)991025683939705501</subfield></datafield><datafield ind1=" " ind2=" " tag="040"><subfield code="a">RERO</subfield><subfield code="d">CH-ZuSLS</subfield></datafield><datafield ind1=" " ind2="7" tag="072"><subfield code="a">la</subfield><subfield code="2">rero</subfield></datafield><datafield ind1=" " ind2="7" tag="072"><subfield code="a">kp</subfield><subfield code="2">SzZuIDS BS/BE</subfield></datafield><datafield ind1="1" ind2=" " tag="080"><subfield code="a">871.09-1</subfield></datafield><datafield ind1="0" ind2="4" tag="082"><subfield code="a">820</subfield></datafield><datafield ind1="0" ind2="4" tag="082"><subfield code="a">871.009 UKD</subfield></datafield><datafield ind1="1" ind2=" " tag="100"><subfield code="a">Albrecht, Michael &lt;&lt;von&gt;&gt;</subfield><subfield code="d">1933-</subfield><subfield code="0">(DE-588)117756873</subfield><subfield code="6">880-01</subfield></datafield><datafield ind1="1" ind2=" " tag="880"><subfield code="a">Albrecht, Michael von</subfield><subfield code="d">1933-</subfield><subfield code="0">(RERO)A002916284</subfield><subfield code="6">100-01</subfield></datafield><datafield ind1="1" ind2="0" tag="245"><subfield code="a">Römische Poesie</subfield><subfield code="b">Texte und Interpretationen</subfield><subfield code="c">Michael von Albrecht</subfield></datafield><datafield ind1=" " ind2="1" tag="264"><subfield code="a">Heidelberg</subfield><subfield code="b">L. Stiehm</subfield><subfield code="c">[1977]</subfield></datafield><datafield ind1=" " ind2="4" tag="264"><subfield code="c">©1977</subfield></datafield><datafield ind1=" " ind2=" " tag="300"><subfield code="a">371 S.</subfield><subfield code="c">24 cm</subfield></datafield><datafield ind1=" " ind2=" " tag="336"><subfield code="b">txt</subfield><subfield code="2">rdacontent</subfield></datafield><datafield ind1=" " ind2=" " tag="337"><subfield code="b">n</subfield><subfield code="2">rdamedia</subfield></datafield><datafield ind1=" " ind2=" " tag="338"><subfield code="b">nc</subfield><subfield code="2">rdacarrier</subfield></datafield><datafield ind1=" " ind2=" " tag="504"><subfield code="a">Index.</subfield></datafield><datafield ind1=" " ind2="4" tag="648"><subfield code="a">Geschichte</subfield></datafield><datafield ind1=" " ind2="7" tag="650"><subfield code="a">Poésie latine</subfield><subfield code="0">(IDREF)027247597</subfield><subfield code="2">idref</subfield></datafield><datafield ind1=" " ind2="7" tag="650"><subfield code="a">Poésie latine</subfield><subfield code="x">Histoire et critique</subfield><subfield code="2">ram</subfield></datafield><datafield ind1=" " ind2="7" tag="650"><subfield code="a">Latein</subfield><subfield code="0">(DE-588)4114364-4</subfield><subfield code="2">gnd</subfield></datafield><datafield ind1=" " ind2="7" tag="650"><subfield code="a">Literatur</subfield><subfield code="0">(DE-588)4035964-5</subfield><subfield code="2">gnd</subfield></datafield><datafield ind1=" " ind2="7" tag="650"><subfield code="a">Lyrik</subfield><subfield code="0">(DE-588)4036774-5</subfield><subfield code="2">gnd</subfield></datafield><datafield ind1=" " ind2="7" tag="650"><subfield code="a">Versdichtung</subfield><subfield code="0">(DE-588)4318806-0</subfield><subfield code="2">gnd</subfield></datafield><datafield ind1=" " ind2="0" tag="650"><subfield code="a">Latin poetry</subfield><subfield code="x">History and criticism</subfield></datafield><datafield ind1=" " ind2="0" tag="650"><subfield code="a">Rome in literature</subfield></datafield><datafield ind1=" " ind2="4" tag="650"><subfield code="a">Latein</subfield></datafield><datafield ind1=" " ind2="4" tag="650"><subfield code="a">Literatur</subfield></datafield><datafield ind1=" " ind2="4" tag="650"><subfield code="a">Lyrik</subfield></datafield><datafield ind1=" " ind2="4" tag="650"><subfield code="a">Versdichtung</subfield></datafield><datafield ind1=" " ind2="0" tag="651"><subfield code="a">Rome</subfield><subfield code="x">In literature</subfield></datafield><datafield ind1=" " ind2=" " tag="690"><subfield code="a">Literatur, römisch-klassische. Geschichte, B: Lyrik</subfield><subfield code="2">rzs-L1</subfield></datafield><datafield ind1=" " ind2=" " tag="690"><subfield code="a">Lyrik, lateinische. Geschichte. Altertum</subfield><subfield code="2">rzs-L1</subfield></datafield><datafield ind1=" " ind2=" " tag="690"><subfield code="a">Römische Poesie</subfield><subfield code="2">uzb-Z9</subfield></datafield><datafield ind1=" " ind2=" " tag="900"><subfield code="a">REROnoselfmerge</subfield></datafield><datafield ind1=" " ind2=" " tag="900"><subfield code="a">IDSZRMedeaZBZ</subfield><subfield code="e">IDSZRschum</subfield></datafield><datafield ind1=" " ind2=" " tag="911"><subfield code="a">100</subfield><subfield code="a">Albrecht, Michael von</subfield><subfield code="d">1933-</subfield></datafield></record>
</metadata></record>