<record><header><identifier>oai:alma.41SLSP_UGE:991000787059705502</identifier><datestamp>2023-04-12T00:11:47Z</datestamp><setSpec>uge_bcen_RapidILL_BOOK</setSpec><setSpec>uge_aaca_RapidILL_BOOK</setSpec><setSpec>uge_abels_RapidILL_BOOK</setSpec><setSpec>uge_dbu_RapidILL_BOOK</setSpec><setSpec>uge_cmu_RapidILL_BOOK</setSpec><setSpec>uge_mail_RapidILL_BOOK</setSpec><setSpec>uge_abbat_RapidILL_BOOK</setSpec><setSpec>UNIGE_ALL</setSpec><setSpec>uge_acar_RapidILL_BOOK</setSpec><setSpec>uge_aobs_RapidILL_BOOK</setSpec></header><metadata>
<record xmlns="http://www.loc.gov/MARC21/slim" xmlns:xsi="http://www.w3.org/2001/XMLSchema-instance" xsi:schemaLocation="http://www.loc.gov/MARC21/slim http://www.loc.gov/standards/marcxml/schema/MARC21slim.xsd"><leader>02863nam a2200697 c 4500</leader><controlfield tag="001">991000787059705502</controlfield><controlfield tag="005">20230411214820.0</controlfield><controlfield tag="008">201011s2008    xxu||||| |||| 00| ||eng d</controlfield><datafield ind1=" " ind2=" " tag="010"><subfield code="a">2007044729</subfield></datafield><datafield ind1="7" ind2=" " tag="016"><subfield code="a">L4026-003733</subfield><subfield code="2">SzZuIDS</subfield></datafield><datafield ind1=" " ind2=" " tag="020"><subfield code="a">0873528131</subfield></datafield><datafield ind1=" " ind2=" " tag="020"><subfield code="a">087352814X</subfield></datafield><datafield ind1=" " ind2=" " tag="020"><subfield code="a">9780873528139</subfield><subfield code="q">hardcover</subfield></datafield><datafield ind1=" " ind2=" " tag="020"><subfield code="a">9780873528146</subfield><subfield code="q">pbk.</subfield></datafield><datafield ind1=" " ind2=" " tag="035"><subfield code="a">(swissbib)222429976-41slsp_network</subfield></datafield><datafield ind1=" " ind2=" " tag="035"><subfield code="a">222429976</subfield><subfield code="9">ExL</subfield></datafield><datafield ind1=" " ind2=" " tag="035"><subfield code="a">(RERO)R008777988-41slsp</subfield></datafield><datafield ind1=" " ind2=" " tag="035"><subfield code="a">(NEBIS)005504159EBI01</subfield></datafield><datafield ind1=" " ind2=" " tag="035"><subfield code="a">(IDSBB)004715995DSV01</subfield></datafield><datafield ind1=" " ind2=" " tag="035"><subfield code="a">(OCoLC)180204960</subfield></datafield><datafield ind1=" " ind2=" " tag="035"><subfield code="a">(EXLNZ-41SLSP_NETWORK)991051282089705501</subfield></datafield><datafield ind1=" " ind2=" " tag="040"><subfield code="a">DLC</subfield><subfield code="d">CH-ZuSLS</subfield></datafield><datafield ind1=" " ind2="0" tag="050"><subfield code="a">PS3566.Y55</subfield><subfield code="b">Z55 2008</subfield></datafield><datafield ind1=" " ind2="7" tag="072"><subfield code="a">an</subfield><subfield code="2">rero</subfield></datafield><datafield ind1=" " ind2="7" tag="072"><subfield code="a">le</subfield><subfield code="2">SzZuIDS BS/BE</subfield></datafield><datafield ind1="0" ind2="0" tag="082"><subfield code="a">813/.54</subfield><subfield code="2">22</subfield></datafield><datafield ind1="1" ind2="4" tag="082"><subfield code="a">813.54</subfield><subfield code="2">21</subfield></datafield><datafield ind1=" " ind2=" " tag="084"><subfield code="a">HU 4797</subfield><subfield code="2">rvk</subfield></datafield><datafield ind1="0" ind2="0" tag="245"><subfield code="a">Approaches to teaching Pynchon's &quot;The crying of lot 49&quot; and other works</subfield><subfield code="c">edited by Thomas H. Schaub</subfield></datafield><datafield ind1=" " ind2="1" tag="264"><subfield code="a">New York</subfield><subfield code="b">Modern Language Association of America</subfield><subfield code="c">2008</subfield></datafield><datafield ind1=" " ind2=" " tag="300"><subfield code="a">xiii, 195 p.</subfield><subfield code="c">24 cm</subfield></datafield><datafield ind1=" " ind2=" " tag="336"><subfield code="b">txt</subfield><subfield code="2">rdacontent</subfield></datafield><datafield ind1=" " ind2=" " tag="337"><subfield code="b">n</subfield><subfield code="2">rdamedia</subfield></datafield><datafield ind1=" " ind2=" " tag="338"><subfield code="b">nc</subfield><subfield code="2">rdacarrier</subfield></datafield><datafield ind1="1" ind2=" " tag="490"><subfield code="a">Approaches to teaching world literature</subfield><subfield code="v">99</subfield></datafield><datafield ind1=" " ind2=" " tag="504"><subfield code="a">Includes bibliographical references (p. [175]-189) and index</subfield></datafield><datafield ind1="1" ind2="0" tag="600"><subfield code="a">Pynchon, Thomas</subfield><subfield code="x">Criticism and interpretation</subfield></datafield><datafield ind1="1" ind2="0" tag="600"><subfield code="a">Pynchon, Thomas</subfield><subfield code="x">Study and teaching</subfield></datafield><datafield ind1="1" ind2="0" tag="600"><subfield code="a">Pynchon, Thomas.</subfield><subfield code="t">Crying of lot 49</subfield></datafield><datafield ind1="1" ind2="7" tag="600"><subfield code="a">Pynchon, Thomas.</subfield><subfield code="t">The crying of lot 49</subfield><subfield code="0">(RERO)A010137402</subfield><subfield code="2">rero</subfield></datafield><datafield ind1="1" ind2="7" tag="600"><subfield code="a">Pynchon, Thomas</subfield><subfield code="x">Study and teaching</subfield><subfield code="2">idszbzna</subfield></datafield><datafield ind1="1" ind2="7" tag="600"><subfield code="a">Pynchon, Thomas</subfield><subfield code="x">Criticism and interpretation</subfield><subfield code="2">idszbzna</subfield></datafield><datafield ind1="1" ind2="7" tag="600"><subfield code="a">Pynchon, Thomas</subfield><subfield code="t">Crying of lot 49</subfield><subfield code="2">idszbzna</subfield></datafield><datafield ind1="1" ind2="0" tag="600"><subfield code="a">Pynchon, Thomas</subfield></datafield><datafield ind1="1" ind2="7" tag="600"><subfield code="a">Pynchon, Thomas</subfield><subfield code="d">1937-</subfield><subfield code="0">(DE-588)118597221</subfield><subfield code="2">gnd</subfield></datafield><datafield ind1="1" ind2="0" tag="600"><subfield code="a">Pynchon, Thomas</subfield><subfield code="t">Crying of lot 49</subfield></datafield><datafield ind1="1" ind2="7" tag="600"><subfield code="a">Pynchon, Thomas</subfield><subfield code="d">1937-</subfield><subfield code="t">&lt;&lt;The&gt;&gt; crying of lot 49</subfield><subfield code="0">(DE-588)4339997-6</subfield><subfield code="2">gnd</subfield></datafield><datafield ind1="1" ind2="7" tag="600"><subfield code="a">Pynchon, Thomas</subfield><subfield code="2">idsbb</subfield></datafield><datafield ind1="1" ind2="7" tag="600"><subfield code="a">Pynchon, Thomas</subfield><subfield code="x">&lt;&lt;The&gt;&gt; crying of Lot 49</subfield><subfield code="2">idsbb</subfield></datafield><datafield ind1=" " ind2="7" tag="650"><subfield code="a">Englischunterricht</subfield><subfield code="0">(DE-588)4014801-4</subfield><subfield code="2">gnd</subfield></datafield><datafield ind1=" " ind2="7" tag="650"><subfield code="a">Hochschuldidaktik</subfield><subfield code="0">(DE-588)4025226-7</subfield><subfield code="2">gnd</subfield></datafield><datafield ind1=" " ind2="7" tag="650"><subfield code="a">Literaturunterricht</subfield><subfield code="0">(DE-588)4036032-5</subfield><subfield code="2">gnd</subfield></datafield><datafield ind1=" " ind2="7" tag="655"><subfield code="a">Lehrerhandbuch</subfield><subfield code="2">gnd-content</subfield></datafield><datafield ind1=" " ind2="7" tag="655"><subfield code="a">Aufsatzsammlung</subfield><subfield code="2">gnd-content</subfield></datafield><datafield ind1="1" ind2=" " tag="700"><subfield code="a">Schaub, Thomas H.</subfield></datafield><datafield ind1="1" ind2=" " tag="700"><subfield code="a">Schaub, Thomas Hill</subfield><subfield code="d">1947-....</subfield><subfield code="0">(IDREF)031747299</subfield></datafield><datafield ind1="4" ind2=" " tag="856"><subfield code="3">Titelblatt und Inhaltsverzeichnis</subfield><subfield code="u">https://toc.library.ethz.ch/objects/pdf/z01_978-0-87352-813-9_01.pdf</subfield><subfield code="q">pdf</subfield></datafield><datafield ind1=" " ind2="0" tag="830"><subfield code="a">Approaches to teaching world literature</subfield><subfield code="w">(IDSBB)000586930DSV01</subfield></datafield><datafield ind1=" " ind2="0" tag="830"><subfield code="a">Approaches to teaching world literature</subfield><subfield code="v">99</subfield><subfield code="w">(NEBIS)000999297EBI01</subfield></datafield><datafield ind1=" " ind2=" " tag="900"><subfield code="a">IDSZ2zbzmon200811f</subfield><subfield code="c">IDSZ2staub</subfield><subfield code="d">IDSZ2zbzswk200811b</subfield><subfield code="e">IDSZ2mahe</subfield></datafield><datafield ind1=" " ind2=" " tag="911"><subfield code="a">700</subfield><subfield code="a">Schaub, Thomas H</subfield><subfield code="d">1947-</subfield></datafield><datafield ind1=" " ind2=" " tag="949"><subfield code="a">https://toc.library.ethz.ch/objects/pdf/z01_978-0-87352-813-9_01.pdf</subfield></datafield></record>
</metadata></record>