<record><header><identifier>oai:alma.41SLSP_UGE:991000787579705502</identifier><datestamp>2023-04-01T00:12:50Z</datestamp><setSpec>uge_bcen_RapidILL_BOOK</setSpec><setSpec>uge_aaca_RapidILL_BOOK</setSpec><setSpec>uge_abels_RapidILL_BOOK</setSpec><setSpec>uge_dbu_RapidILL_BOOK</setSpec><setSpec>uge_cmu_RapidILL_BOOK</setSpec><setSpec>uge_mail_RapidILL_BOOK</setSpec><setSpec>uge_abbat_RapidILL_BOOK</setSpec><setSpec>UNIGE_ALL</setSpec><setSpec>uge_aobs_RapidILL_BOOK</setSpec><setSpec>uge_acar_RapidILL_BOOK</setSpec></header><metadata>
<record xmlns="http://www.loc.gov/MARC21/slim" xmlns:xsi="http://www.w3.org/2001/XMLSchema-instance" xsi:schemaLocation="http://www.loc.gov/MARC21/slim http://www.loc.gov/standards/marcxml/schema/MARC21slim.xsd"><leader>02523nam a2200481uc 4500</leader><controlfield tag="001">991000787579705502</controlfield><controlfield tag="005">20230331204649.0</controlfield><controlfield tag="008">201012t19941994ne     |      10| ||eng|d</controlfield><datafield ind1=" " ind2=" " tag="010"><subfield code="a">94015441</subfield></datafield><datafield ind1=" " ind2=" " tag="020"><subfield code="a">0792328671</subfield></datafield><datafield ind1=" " ind2=" " tag="035"><subfield code="a">(swissbib)238530264-41slsp_network</subfield></datafield><datafield ind1=" " ind2=" " tag="035"><subfield code="a">238530264</subfield><subfield code="9">ExL</subfield></datafield><datafield ind1=" " ind2=" " tag="035"><subfield code="a">(NEBIS)000958901EBI01</subfield></datafield><datafield ind1=" " ind2=" " tag="035"><subfield code="a">(RERO)R007329936-41slsp</subfield></datafield><datafield ind1=" " ind2=" " tag="035"><subfield code="a">(EXLNZ-41SLSP_NETWORK)991075872939705501</subfield></datafield><datafield ind1=" " ind2=" " tag="040"><subfield code="a">ETH-BIB</subfield><subfield code="b">ger</subfield><subfield code="e">ETHICS-ISBD</subfield><subfield code="d">CH-ZuSLS</subfield></datafield><datafield ind1=" " ind2="7" tag="072"><subfield code="a">bi</subfield><subfield code="2">rero</subfield></datafield><datafield ind1="0" ind2="0" tag="245"><subfield code="a">Chemistry of aquatic systems: local and global perspectives</subfield><subfield code="c">ed. by Giovanni Bidoglio and Werner Stumm</subfield></datafield><datafield ind1=" " ind2="1" tag="264"><subfield code="a">Dordrecht [etc.]</subfield><subfield code="b">Kluwer Academic Publishers</subfield><subfield code="c">[1994]</subfield></datafield><datafield ind1=" " ind2="4" tag="264"><subfield code="c">©1994</subfield></datafield><datafield ind1=" " ind2=" " tag="300"><subfield code="a">X, 534 S.</subfield><subfield code="c">25 cm</subfield><subfield code="b">Ill.</subfield></datafield><datafield ind1=" " ind2=" " tag="336"><subfield code="b">txt</subfield><subfield code="2">rdacontent</subfield></datafield><datafield ind1=" " ind2=" " tag="337"><subfield code="b">n</subfield><subfield code="2">rdamedia</subfield></datafield><datafield ind1=" " ind2=" " tag="338"><subfield code="b">nc</subfield><subfield code="2">rdacarrier</subfield></datafield><datafield ind1="1" ind2=" " tag="490"><subfield code="a">EUR</subfield><subfield code="v">15632</subfield></datafield><datafield ind1="1" ind2=" " tag="490"><subfield code="a">Euro courses. Chemical and environmental science</subfield><subfield code="v">vol. 5</subfield></datafield><datafield ind1=" " ind2=" " tag="500"><subfield code="a">&quot;Based on the lectures given during the Eurocourse on &quot;Chemistry of Aquatic Systems: Local and Global Perspectives&quot;, held at the Joint Research Centre, Ispra, Italy, September 27-October 1, 1993&quot;</subfield></datafield><datafield ind1=" " ind2="7" tag="650"><subfield code="a">BIOGEOCHEMISCHER KREISLAUF (BIOGEOCHEMIE)</subfield><subfield code="9">ger</subfield><subfield code="0">(ETHUDK)000054132</subfield><subfield code="2">ethudk</subfield></datafield><datafield ind1=" " ind2="7" tag="650"><subfield code="a">CHEMISCHE EIGENSCHAFTEN DES WASSERS (HYDROLOGIE)</subfield><subfield code="9">ger</subfield><subfield code="0">(ETHUDK)000020801</subfield><subfield code="2">ethudk</subfield></datafield><datafield ind1=" " ind2="7" tag="650"><subfield code="a">GEOCHEMIE</subfield><subfield code="9">ger</subfield><subfield code="0">(ETHUDK)000019922</subfield><subfield code="2">ethudk</subfield></datafield><datafield ind1=" " ind2="7" tag="650"><subfield code="a">HYDROBIOLOGIE + AQUATISCHE ÖKOLOGIE (ÖKOLOGIE)</subfield><subfield code="9">ger</subfield><subfield code="0">(ETHUDK)000021452</subfield><subfield code="2">ethudk</subfield></datafield><datafield ind1=" " ind2="7" tag="650"><subfield code="a">LAND-ATMOSPHÄRE WECHSELWIRKUNG (OZEANOGRAPHIE)</subfield><subfield code="9">ger</subfield><subfield code="0">(ETHUDK)000044748</subfield><subfield code="2">ethudk</subfield></datafield><datafield ind1=" " ind2="7" tag="650"><subfield code="a">MEERESVERUNREINIGUNG (UMWELTPROBLEME)</subfield><subfield code="9">ger</subfield><subfield code="0">(ETHUDK)000012449</subfield><subfield code="2">ethudk</subfield></datafield><datafield ind1=" " ind2="7" tag="650"><subfield code="a">MIGRATION VON CHEMISCHEN ELEMENTEN (GEOCHEMIE)</subfield><subfield code="9">ger</subfield><subfield code="0">(ETHUDK)000019926</subfield><subfield code="2">ethudk</subfield></datafield><datafield ind1=" " ind2="7" tag="650"><subfield code="a">ROCK-FLUID INTERACTION (PETROGRAPHIE)</subfield><subfield code="9">ger</subfield><subfield code="0">(ETHUDK)000050049</subfield><subfield code="2">ethudk</subfield></datafield><datafield ind1=" " ind2="7" tag="650"><subfield code="a">Écologie des eaux</subfield><subfield code="0">(IDREF)027880249</subfield><subfield code="2">idref</subfield></datafield><datafield ind1=" " ind2="7" tag="655"><subfield code="a">Konferenzschrift</subfield><subfield code="z">Ispra</subfield><subfield code="y">1993/09</subfield><subfield code="b">1993/10</subfield><subfield code="2">gnd-content</subfield></datafield><datafield ind1="1" ind2=" " tag="700"><subfield code="a">Bidoglio, Giovanni</subfield></datafield><datafield ind1="2" ind2=" " tag="711"><subfield code="a">Eurocourse on &quot;Chemistry of Aquatic Systems : Local and Global Perspectives&quot;</subfield><subfield code="d">1993</subfield><subfield code="c">Ispra</subfield><subfield code="0">(RERO)A023441145</subfield></datafield><datafield ind1="2" ind2=" " tag="711"><subfield code="a">Eurocourse on Chemistry of Aquatic Systems: Local and Global Perspectives</subfield><subfield code="d">1993</subfield><subfield code="c">Ispra</subfield><subfield code="0">(DE-588)5121062-9</subfield></datafield><datafield ind1="4" ind2=" " tag="856"><subfield code="3">Abstract / Autoreninformation</subfield><subfield code="u">https://toc.library.ethz.ch/objects/pdf/000070616_e01_0792328671_02.pdf</subfield><subfield code="q">pdf</subfield></datafield><datafield ind1=" " ind2=" " tag="830"><subfield code="a">Euro courses</subfield><subfield code="p">Chemical and environmental science</subfield><subfield code="v">5</subfield><subfield code="w">(NEBIS)000554186EBI01</subfield></datafield><datafield ind1=" " ind2=" " tag="830"><subfield code="a">EUR</subfield><subfield code="v">15632</subfield><subfield code="w">(NEBIS)000022015EBI01</subfield></datafield><datafield ind1=" " ind2=" " tag="900"><subfield code="a">REROnoselfmerge</subfield></datafield></record>
</metadata></record>