<record><header><identifier>oai:alma.41SLSP_UGE:991000787269705502</identifier><datestamp>2023-03-01T01:09:51Z</datestamp><setSpec>uge_bcen_RapidILL_BOOK</setSpec><setSpec>uge_aaca_RapidILL_BOOK</setSpec><setSpec>uge_abels_RapidILL_BOOK</setSpec><setSpec>uge_dbu_RapidILL_BOOK</setSpec><setSpec>uge_cmu_RapidILL_BOOK</setSpec><setSpec>uge_mail_RapidILL_BOOK</setSpec><setSpec>UNIGE_ALL</setSpec><setSpec>uge_abbat_RapidILL_BOOK</setSpec><setSpec>uge_aobs_RapidILL_BOOK</setSpec><setSpec>uge_acar_RapidILL_BOOK</setSpec></header><metadata>
<record xmlns="http://www.loc.gov/MARC21/slim" xmlns:xsi="http://www.w3.org/2001/XMLSchema-instance" xsi:schemaLocation="http://www.loc.gov/MARC21/slim http://www.loc.gov/standards/marcxml/schema/MARC21slim.xsd"><leader>01753nam a2200397 c 4500</leader><controlfield tag="001">991000787269705502</controlfield><controlfield tag="005">20211012202332.0</controlfield><controlfield tag="008">000915s1978    fr ||||| |||| 00| ||fre d</controlfield><datafield ind1=" " ind2=" " tag="020"><subfield code="a">2222022134</subfield></datafield><datafield ind1="7" ind2=" " tag="024"><subfield code="a">http://catalogue.bnf.fr/ark:/12148/cb34613126v</subfield><subfield code="2">uri</subfield></datafield><datafield ind1=" " ind2=" " tag="035"><subfield code="a">(swissbib)077495047-41slsp_network</subfield></datafield><datafield ind1=" " ind2=" " tag="035"><subfield code="a">077495047</subfield><subfield code="9">ExL</subfield></datafield><datafield ind1=" " ind2=" " tag="035"><subfield code="a">(RERO)0181636-41slsp</subfield></datafield><datafield ind1=" " ind2=" " tag="035"><subfield code="a">(EXLNZ-41SLSP_NETWORK)991003372549705501</subfield></datafield><datafield ind1=" " ind2=" " tag="040"><subfield code="a">RERO</subfield><subfield code="d">CH-ZuSLS</subfield></datafield><datafield ind1="1" ind2=" " tag="041"><subfield code="a">fre</subfield><subfield code="a">grc</subfield><subfield code="h">grc</subfield></datafield><datafield ind1=" " ind2="7" tag="072"><subfield code="a">gr</subfield><subfield code="2">rero</subfield></datafield><datafield ind1=" " ind2="7" tag="072"><subfield code="a">ma</subfield><subfield code="2">rero</subfield></datafield><datafield ind1="1" ind2=" " tag="080"><subfield code="a">875EUCLI7Ele</subfield></datafield><datafield ind1=" " ind2=" " tag="084"><subfield code="a">01.40</subfield><subfield code="2">msc</subfield></datafield><datafield ind1="0" ind2=" " tag="100"><subfield code="6">880-01</subfield><subfield code="a">Euclide</subfield><subfield code="d">0323?-0285? av. J.-C.</subfield><subfield code="0">(IDREF)026854651</subfield><subfield code="4">cre</subfield></datafield><datafield ind1="0" ind2=" " tag="880"><subfield code="6">100-01/(S</subfield><subfield code="a">Εὐκλείδης</subfield></datafield><datafield ind1="1" ind2="0" tag="245"><subfield code="6">880-02</subfield><subfield code="a">Eukleidou Stoicheia</subfield><subfield code="b">= Les éléments</subfield><subfield code="c">Euclide ; texte grec [établi par Heiberg et revu par E. Stamatis] et trad. française libre par Georges J. Kayas</subfield></datafield><datafield ind1="1" ind2="0" tag="880"><subfield code="6">245-02/(S</subfield><subfield code="a">Εὐκλείδου Στοιχεῖα</subfield><subfield code="b">= Les éléments</subfield><subfield code="c">Euclide ; texte grec [établi par Heiberg et revu par E. Stamatis] et trad. française libre par Georges J. Kayas</subfield></datafield><datafield ind1=" " ind2="1" tag="264"><subfield code="a">Paris</subfield><subfield code="b">Ed. du Centre National de la Recherche Scientifique</subfield><subfield code="c">1978</subfield></datafield><datafield ind1=" " ind2=" " tag="300"><subfield code="a">2 vol.</subfield><subfield code="b">fig.</subfield><subfield code="c">25 cm</subfield></datafield><datafield ind1=" " ind2=" " tag="336"><subfield code="b">txt</subfield><subfield code="2">rdacontent</subfield></datafield><datafield ind1=" " ind2=" " tag="337"><subfield code="b">n</subfield><subfield code="2">rdamedia</subfield></datafield><datafield ind1=" " ind2=" " tag="338"><subfield code="b">nc</subfield><subfield code="2">rdacarrier</subfield></datafield><datafield ind1=" " ind2=" " tag="500"><subfield code="a">Titre conventionnel: Elementa</subfield></datafield><datafield ind1=" " ind2=" " tag="500"><subfield code="a">Texte grec avec trad. française en regard</subfield></datafield><datafield ind1="0" ind2="2" tag="700"><subfield code="a">Euclides</subfield><subfield code="t">&lt;&lt;Les&gt;&gt; éléments</subfield></datafield><datafield ind1="1" ind2=" " tag="700"><subfield code="a">Heiberg, Johan Ludvig</subfield><subfield code="d">1854-1928</subfield><subfield code="0">(RERO)A026642187</subfield></datafield><datafield ind1="1" ind2=" " tag="700"><subfield code="a">Stamatis, Evangelos S.</subfield><subfield code="d">1898-1990</subfield><subfield code="0">(IDREF)030158087</subfield></datafield><datafield ind1="1" ind2=" " tag="700"><subfield code="a">Kayas, Georges J.</subfield><subfield code="0">(IDREF)026946580</subfield></datafield><datafield ind1="0" ind2=" " tag="700"><subfield code="a">Euclides</subfield></datafield><datafield ind1=" " ind2=" " tag="900"><subfield code="a">REROnoselfmerge</subfield></datafield></record>
</metadata></record>